1819 3198
219 220 1261 298 494Qi1>m0m11oshs

299 334 440 376 Ead.
463 334 492 374 1,
517 331 580 371 16.
616 327 747 374 ’Λλλοῖ
782 331 855 372 καὶ
889 327 1204 384 ὑπεράλλεσθαι
1229 348 1363 384 ταφον
1399 335 1450 376 εἰ
1461 332 1572 386 δέοι)
1611 338 1695 377 Pro

215 386 358 442 τάφον
382 397 496 429 recte
518 388 712 427 viderunt
735 387 888 426 eruditi
908 388 1191 440 reponendum
1215 385 1388 442 τάφρον.
1417 391 1473 430 Et
1494 393 1552 431 sio
1575 393 1695 445 plane

216 448 470 489 Florentina.
500 444 618 483 JENs

330 504 439 542 lbid.
458 497 789 553 ’Υπεραλλεσθαι
807 495 940 551 τάφον
961 514 994 540 ει
987 499 1114 552 Ηδεοι.)
1133 495 1319 553 Ταφρον,
1334 482 1548 552 fossatum,
1561 517 1692 542 scam-

216 575 295 601 ma.
316 561 504 599 MARCIL.
540 558 712 606 Mirum,
742 556 820 595 hoc
842 557 1102 595 manifestum
1123 558 1285 602 vitium,
1314 559 1423 609 quod
1448 560 1547 597 olim
1570 562 1695 603 Mar-

215 619 343 656 cilius
372 613 684 660 animadvertit,
721 612 911 661 tolermi,
949 626 1043 650 cum
1079 626 1163 650 non
1193 619 1351 652 tantum
1381 615 1425 652 in
1455 616 1697 655 Flmentina

213 673 293 711 Ed.
320 678 362 710 et
386 672 464 709 Ms.
486 669 557 707 sed
585 676 627 707 et
662 669 708 706 in
744 669 983 718 interpretis
1019 669 1128 706 libm
1167 675 1281 707 recte
1320 670 1480 721 legatur
1513 667 1694 725 τάφρον.

215 730 383 767 GRAEV·
430 721 602 778 Τάφρον
619 725 701 765 Ms.
727 723 801 767 Gr.
824 724 897 763 W.
921 732 960 762 et
979 723 1085 762 Edd.
1103 726 1167 761 ΡΖ.
1195 723 1240 762 V.
1265 739 1300 763 2.
1323 700 1384 764 etv
1387 729 1493 768 Par.
1532 729 1582 766 In
1603 727 1694 766 aliis

213 786 321 823 male
348 779 480 834 τάφον
508 782 668 831 legitur.
700 781 862 820 SOLAN.
917 780 977 819 Ut
1008 779 1180 818 Marc-il.
1210 790 1464 834 correxerat
1489 783 1694 823 habebant

210 843 294 893 jam
320 840 428 878 Edd.
459 838 675 889 plurimae.
703 836 852 874 Rmrrz.

324 897 555 946 Pag.178
580 893 605 931 l.
632 905 668 934 1.
692 891 963 940 Μολυβδίνας
983 890 1104 946 χειρ.)
1133 892 1262 931 Ridet
1291 895 1590 933 Constantinus
1612 896 1693 934 Le-

209 951 511 1003 xicographus‚
551 950 618 987 vir
645 949 696 987 de
727 950 897 987 Graecis
926 950 1058 986 literis
1088 952 1244 1000 optime
1274 950 1468 999 meritus,
1500 965 1593 998 θος,
1621 952 1694 1003 qui

209 1023 331 1047 nsum
362 1008 576 1059 globorum
606 1006 892 1057 plumbeorum
920 1006 964 1043 in
989 1006 1092 1043 saltu
1119 1006 1294 1056 aliquem
1323 1020 1411 1044 esse
1441 1014 1596 1056 putant
1624 1009 1690 1056 (v.

208 1061 417 1117 ἁλτῆρες)
447 1063 558 1100 Hinc
580 1062 816 1113 ubicunque
837 1075 982 1099 occuu
987 1067 1062 1099 unt
1083 1057 1257 1113 οἷλτῆρες
1282 1076 1401 1100 usum
1428 1063 1544 1101 illum
1569 1077 1691 1113 prae-

209 1124 376 1166 stantes,
404 1119 634 1158 rescribere
657 1118 778 1180 jubet
804 1114 1013 1169 οἷλκτηρες,
1045 1131 1124 1180 quo
1153 1118 1307 1168 pertica
1338 1118 1584 1169 designa'tm‚
1613 1134 1692 1171 qua

209 1178 334 1215 saltus
363 1175 473 1213 haud
503 1174 627 1212 dubie
653 1174 833 1225 juvatur.
879 1175 998 1211 Hanc
1028 1174 1105 1211 viri
1134 1174 1246 1212 docti
1273 1175 1473 1213 rationem
1504 1176 1571 1214 vel
1591 1177 1692 1219 uni-

207 1247 282 1272 cus
309 1232 377 1270 hic
414 1232 603 1269 Luciam·
639 1230 755 1269 locus
783 1230 1001 1268 subvertit.
1052 1229 1192 1277 Adde,
1222 1230 1331 1282 quod
1359 1238 1498 1269 nostra
1524 1246 1689 1284 quoque

206 1295 341 1328 aetate
365 1286 610 1340 quibusdam
632 1286 677 1323 in
698 1285 800 1323 locis
827 1299 914 1324 mos
939 1286 1012 1323 ille
1039 1286 1233 1336 antiquus
1259 1287 1428 1324 obtinet.
1479 1286 1571 1326 Vidi
1598 1289 1691 1340 ipse

205 1347 249 1384 :in
282 1345 419 1382 Scotia
455 1341 560 1380 saltu
600 1347 852 1390 certaturos,
897 1348 967 1380 aut
1002 1340 1179 1392 globulis
1214 1342 1361 1380 ferreis
1398 1343 1443 1381 in
1483 1357 1572 1382 eam
1598 1358 1691 1384 rem

205 1408 395 1448 utentes,
436 1405 530 1444 aut,
572 1398 609 1436 si
645 1397 697 1435 ad
728 1411 892 1435 manum
927 1411 1012 1435 non
1042 1403 1196 1446 essent,
1236 1395 1390 1448 lapides
1419 1401 1538 1451 aequi
1567 1414 1689 1452 quam

205 1458 389 1495 maxime
418 1454 611 1507 ponderis
634 1454 938 1505 conquirentes.
961 1453 1050 1491 Hos
1070 1453 1320 1505 aliquamdiu
1343 1467 1435 1492 cum
1458 1456 1692 1497 vibrassent

206 1515 249 1552 in
279 1515 370 1564 ipsa
397 1512 478 1564 jam
509 1511 635 1549 saltus
660 1510 903 1565 micatione,
942 1515 1036 1561 post
1064 1515 1224 1560 tergum
1261 1510 1526 1561 rejiciebant,
1565 1525 1618 1549 ne
1643 1525 1688 1550 se

204 1568 681 1617 scilicet.degravarent3
716 1567 858 1618 eisque
884 1566 1086 1616 impetum
1117 1566 1274 1617 juvari,
1312 1578 1392 1603 usu
1422 1581 1466 1603 se
1495 1567 1706 1606 didicisse

201 1625 524 1678 profitebantur.
571 1622 752 1660 Consule
779 1622 925 1670 etiam,
956 1622 991 1659 si
1020 1622 1157 1670 lubet,
1185 1623 1484 1660 Mercurialem
1512 1623 1562 1660 de
1584 1626 1688 1663 Arte

205 1682 365 1732 Gymm
383 1680 439 1726 II,
463 1691 526 1719 11.
555 1679 713 1717 SOLAN.
769 1678 882 1715 Alias
910 1678 1052 1716 eadem
1081 1679 1147 1718 fil.
1169 1678 1373 1717 scribebat
1400 1678 1689 1732 μολυβδαίνας,

204 1740 329 1775 etiam
367 1735 441 1776 ubi
473 1735 724 1788 μολυβδίνας
763 1734 903 1773 mallet
939 1734 1080 1772 Solan.
1119 1733 1217 1773 Vid.
1254 1734 1455 1773 Alexand.
1483 1749 1516 1773 c.
1544 1737 1612 1777 25.
1646 1741 1690 1775 et

203 1792 387 1843 Lexiph.
404 1805 437 1829 c.
457 1791 497 1832 5.
535 1792 626 1840 Ego
655 1797 695 1828 et
722 1789 790 1828 hic
815 1788 1089 1843 μολυβδαίνας
1111 1788 1222 1827 haud
1251 1791 1522 1842 incongruum
1550 1791 1688 1841 credo,

203 1856 247 1887 at
274 1848 380 1886 nihil
410 1853 541 1887 muto.
569 1846 722 1883 Reuz.
778 1846 969 1883 Formam
999 1846 1271 1897 μολυβδίδας,
1310 1845 1404 1883 fidis
1427 1849 1688 1888 auctoritati-

203 1904 282 1944 bus
311 1904 354 1944 h.
377 1904 406 1944 l.
436 1902 654 1946 firmatam,
681 1915 802 1953 quam
828 1901 949 1939 etiam
975 1902 1213 1952 Hesychius
1240 1902 1391 1953 aliique
1412 1909 1684 1952 agnoverunt,

203 1960 293 2000 vid.
320 1961 542 2000 VVassiam
567 1957 617 1996 ad
651 1958 832 2007 leueycl.
860 1955 892 2005 I,
914 1957 981 2009 95.
1011 1958 1103 2009 jure
1129 1971 1203 1995 suo
1224 1965 1472 2008 receperunt
1496 1959 1686 1997 Selzmie-

204 2017 400 2059 derus‘et
425 2016 580 2065 Pauly,
609 2013 859 2051 Schneidero
888 2015 1009 2051 etiam
1038 2014 1082 2051 in
1109 2014 1219 2052 LeX.
1249 2014 1458 2065 prabante.
1490 2015 1636 2055 LEHM.
1673 2052 1677 2054 .

320 2072 428 2111 Ead.
448 2071 474 2108 l.
504 2072 547 2109 3.
575 2067 802 2117 Χαλκοῦν)
835 2070 953 2107 Disci
980 2069 1080 2108 haec
1122 2069 1281 2119 elegans
1312 2075 1355 2107 et
1379 2070 1462 2107 suis
1492 2071 1683 2110 omnibus

204 2128 389 2167 numeris
414 2127 601 2165 absoluta
619 2126 872 2190 ‘descripti03
903 2126 1065 2178 qualem
1092 2139 1143 2163 an
1164 2125 1271 2176 apud
1294 2139 1537 2177 quemquam
1557 2127 1681 2166 alium

202 2185 401 2235 reperias,
430 2182 540 2220 haud
568 2183 669 2224 scio.
694 2182 946 2219 Eustatlzius
967 2182 1088 2220 aliter
1107 2181 1303 2223 describit
1324 2181 1373 2219 ad
1393 2181 1436 2219 ΙΙ.
1457 2184 1506 2220 Β.
1537 2179 1686 2235 Βαρυς

202 2241 340 2287 λίθος,
367 2239 515 2291 inquit,
545 2234 704 2286 πλατυς
731 2238 802 2278 καὶ
829 2234 1083 2289 κοιλότερος·
1110 2238 1182 2275 ubi
1212 2239 1335 2275 etiam
1365 2239 1587 2276 discrimen
1606 2240 1684 2277 ob-

203 2301 346 2334 servat
373 2296 484 2332 inter
515 2295 675 2332 discum
700 2300 741 2332 et
770 2289 904 2337 σόλον
954 2294 1179 2332 Scholiasta
1208 2289 1348 2335 σόλων
1376 2295 1537 2342 εοιίὒίὲ5
1579 2308 1683 2346 quae

205 2361 292 2390 vox
321 2364 372 2389 an
402 2356 445 2390 et
472 2351 569 2388 alibi
594 2351 850 2402 reperiatur,
880 2353 1036 2391 nescio
1073 2352 1246 2387 Homeri
1277 2353 1419 2403 utique
1447 2351 1584 2389 locum
1611 2365 1683 2390 re-

203 2408 327 2461 spicit
356 2404 404 2446 ll.
434 2410 487 2454 Ψ,
511 2407 606 2447 826.
633 2407 705 2445 ubi
735 2403 855 2453 σόλος
883 2406 1049 2446 dicitur.
1081 2406 1241 2447 SOLAN.

316 2463 424 2501 Ead.
448 2463 479 2500 l.
503 2474 540 2512 7.
564 2459 680 2503 Ἀνω
706 2484 758 2490 -
779 2459 943 2515 πόρ’ῥω)
970 2462 1179 2500 Postelius
1201 2461 1529 2511 observandum3
1557 2461 1679 2513 vulgo

205 2519 315 2558 enim
346 2520 555 2581 ignoratur
583 2519 652 2556 ille
683 2518 785 2556 disci
814 2534 923 2560 usus
954 2520 1112 2558 SOLAN.

317 2576 424 2613 [bid.
452 2569 835 2643 Αναρριπτρῦσιν)
876 2576 922 2613 In
951 2571 1280 2639 dvapgu'nzovocv
1309 2575 1390 2624 jam
1419 2579 1680 2612 converterat

203 2631 345 2672 Solan
378 2627 459 2668 Sed
487 2632 581 2696 quia
601 2637 642 2667 et
668 2627 931 2695 α’ναρῥιπτέω
951 2632 1148 2678 invenias,
1177 2630 1281 2668 nihil
1305 2636 1469 2667 mutem.
1495 2629 1676 2679 'l'lttceycL

202 2687 275 2724 IV
303 2701 337 2725 c.
364 2689 430 2736 95
462 2682 632 2727 τοσόνδε
660 2687 851 2728 κίνδυνον
868 2684 1216 2748 αναρῥιπτοῦμεν.
1255 2686 1377 2724 EtL.
1402 2686 1455 2726 V.
1475 2698 1560 2735 cap
1587 2685 1677 2727 103.

200 2739 1200 2799 ἄναῤῥιπτοῦσιν.1ἰιῑιικ.ΟΙ.απορ”ῥι-πτοῦντες
1223 2742 1390 2784 Timon,
1413 2755 1448 2778 c.
1474 2753 1534 2780 12.
1557 2740 1675 2783 Phal.
