1819 3198
484 223 554 255 IN
603 220 1261 256 [CAROMENIPPUM.
1515 212 1613 258 375

132 325 344 366 occasione
379 325 431 365 de
468 325 628 365 incuria
654 326 902 378 scriptorum
937 325 1070 373 varia,
1117 336 1206 362 rem
1237 323 1405 363 eandem
1436 338 1610 366 narran-

129 384 250 433 tium,
278 397 302 421 a
326 398 391 421 me
421 383 634 421 observata
662 389 757 421 sunt
783 381 833 420 ad
862 381 969 422 Piso.
1002 395 1085 432 cap.
1114 380 1181 419 36.
1239 381 1306 418 De
1335 380 1511 431 quodam
1543 383 1606 421 di-

129 446 242 478 ctum
274 440 467 488 memini,
507 445 661 478 tantam
697 440 785 491 ejus
813 451 901 476 esse
928 437 1223 485 urbanitatem,
1261 442 1309 474 nt
1338 437 1398 474 bis
1433 438 1606 478 eandem

124 496 307 536 fabulam
339 496 483 534 eodem
513 495 634 533 modo
665 509 833 534 nalrare
861 509 946 533 non
977 495 1085 546 potis
1113 499 1232 532 esset.
1263 494 1423 533 SoLAN.

238 552 446 608 lbid.'135
469 551 682 605 μητρυιᾷ)
722 553 772 590 In
799 551 938 588 multis
966 550 1097 590 codd.
1134 548 1189 604 τῇ
1211 550 1359 602 μητρῖ,
1399 550 1603 589 mendose.

123 609 311 647 Historia
338 616 528 647 nairatur
553 609 663 646 infra
690 607 742 646 de
774 608 864 646 Dea
891 608 981 658 Syl
1015 621 1049 644 c.
1084 621 1142 658 17.
1173 608 1223 644 de
1253 608 1376 657 Imag.
1410 612 1451 644 et
1483 606 1606 645 Con-

121 665 244 706 scrib.
285 666 400 707 Hist.
439 667 583 703 Galen.
623 666 694 703 lib.
732 664 783 703 de
818 664 1068 715 praecognit
1108 665 1223 701 Plut.
1255 664 1414 700 Julian.
1446 662 1601 713 Imper.

124 722 223 760 Isal.
254 723 376 762 Max.
414 722 599 759 Similem
627 722 761 759 refert
783 721 1035 760 Aristaenet.
1064 720 1195 770 Epist.
1226 720 1285 757 13.
1316 719 1341 757 l.
1374 732 1406 756 ι.
1433 720 1601 757 Bouno-

232 778 342 818 Ead.
373 777 402 815 l.
439 779 498 817 15.
528 773 825 830 Ἀλέξανδρον)
854 775 1233 828 Polysperchontis,
1260 782 1305 814 ut
1326 775 1515 824 videtur,
1545 776 1602 814 fi„

116 834 226 883 lius,
254 834 325 885 qui
352 848 374 872 a
403 835 649 872 satellitibus
674 834 928 880 trucidatus,
967 835 1164 883 cujusque
1194 845 1303 870 uxor
1328 831 1600 884 Cratesipolis

104 891 337 942 imperium
364 891 535 929 fortiter
564 892 712 929 tenuit.
755 889 820 928 Ad
852 890 1024 927 Diodor.
1055 887 1179 929 XIX.
1209 888 1420 926 amandor.
1443 889 1600 927 SOLAN.

115 947 216 985 Fuit
256 947 493 985 Alexander
530 947 738 985 Pheraeus
775 945 1069 985 Thessalorum
1109 952 1329 995 tyrannm,
1377 946 1424 982 ab
1460 959 1598 984 uxore

117 1003 265 1042 Thebe
306 1004 578 1052 interfectus,
619 1003 776 1041 ,Iasonis
819 1017 873 1040 ex
912 1004 1040 1040 s'ratie
1080 1016 1206 1053 nepos
1237 1008 1277 1038 et
1307 1014 1444 1049 penei.
1477 1003 1597 1041 Ρίιιί

114 1057 313 1111 Pelopida
341 1066 447 1097 exti.
486 1074 525 1111 p
558 1073 654 1111 997
675 1080 732 1087 --
758 1062 794 1097 8
834 1058 1000 1113 πρῶτον
1035 1054 1234 1111 τύρανιον
1274 1053 1356 1097 ὖπό
1396 1073 1597 1109 γυναικος

83 1115 222 1163 -ἰόιάς
258 1112 506 1157 cinnas-wat
565 1116 805 1154 Alexander
843 1130 943 1153 velo
973 1115 1355 1166 I‘olyspe1cl1.non
1383 1115 1423 1150 in
1457 1113 1597 1151 Thes-

114 1174 237 1220 salia,
285 1173 354 1209 scd
384 1174 666 1222 Peloponneso
702 1173 902 1218 regnavit.
934 1173 968 1212 I.
997 1174 1026 1210 l.
1059 1173 1238 1210 Wmsw.
1300 1168 1418 1207 Adiri
1449 1171 1595 1219 jubent

113 1229 392 1268 ll‘c'elanclius
419 1230 593 1266 Diodor.
625 1231 708 1268 Sic.
737 1227 834 1277 XV,
860 1231 924 1267 80.
965 1230 1141 1266 Belmus
1178 1227 1329 1265 Plzotc'b'
1365 1227 1470 1268 Bibl,
1499 1227 1595 1264 Ex·-

111 1292 239 1336 cerpt.
273 1285 430 1322 Conon.
459 1292 611 1322 narrat.
642 1286 707 1324 50.
737 1299 774 1336 p.
806 1286 900 1323 456.
956 1285 1079 1333 Quod
1102 1290 1236 1321 autem
1269 1282 1334 1320 hic
1358 1282 1593 1321 Alexander

110 1342 204 1390 plus
236 1341 530 1393 quinquaginta
557 1342 675 1379 annis
707 1346 837 1391 major
867 1342 996 1379 suerit
1033 1342 1106 1388 iis,
1149 1341 1217 1392 qui
1249 1339 1370 1378 modo
1407 1352 1593 1377 comme·-

106 1398 384 1446 morabzmtm,
399 1397 530 1435 tribus
551 1399 727 1449 regibus,
749 1398 793 1435 id
815 1398 1089 1437 Wielanslius
1104 1403 1245 1434 monet
1263 1397 1309 1434 in
1334 1396 1405 1433 tali
1425 1396 1593 1434 fictione

106 1467 191 1491 non
222 1454 347 1502 magis
373 1453 583 1492 oflendere
611 1455 787 1499 debere,
821 1468 942 1505 quani
973 1453 1082 1506 quod
1112 1451 1156 1492 in
1187 1453 1421 1490 cubiculum
1449 1451 1592 1489 Ptole—

107 1510 215 1547 maei
246 1511 516 1561 introspicere
554 1511 734 1561 potuerit
770 1511 1005 1562 Menippus.
1079 1510 1239 1547 Similia
1276 1523 1349 1559 per
1388 1510 1591 1559 egregiam

104 1565 242 1611 illam,
279 1580 398 1617 quam
431 1566 538 1604 idem
567 1567 720 1604 Noster
748 1568 794 1604 iu
825 1566 1015 1605 Charone
1042 1566 1206 1618 pinxit,
1247 1567 1357 1603 vitae
1387 1565 1589 1602 humanae

53 1625 56 1627 ’
105 1623 286 1659 tabulam
329 1622 378 1659 de
419 1623 541 1660 rebus
580 1622 788 1661 historicis
819 1629 861 1660 et
892 1622 1172 1674 geographicis
1209 1628 1408 1659 notarunt
1439 1621 1587 1672 passim

104 1676 217 1715 docti
228 1685 571 1716 commentatores
591 1680 947 1724 Ilenzscerlucsius,
961 1679 1417 1726 Palmerius,Solemus.
1438 1679 1585 1715 LEHM.

217 1735 324 1771 End·
342 1734 366 1771 l·
387 1732 448 1775 16-
474 1736 559 1776 Καὶ
584 1732 825 1788 Ἀντίγονον
850 1729 1160 1788 μοιχεύοντα-
1178 1734 1248 1775 καὶ
1272 1731 1461 1787 Ἀττάλῳ
1488 1733 1587 1782 etc.)

101 1789 266 1828 Vellem
291 1804 363 1827 nos
395 1788 601 1829 docuisset
633 1795 867 1838 thc·c'(crzu.s·,
899 1794 968 1844 qui
997 1793 1127 1830 suerit
1149 1792 1219 1828 ille
1239 1790 1482 1840 Antigonus,
1515 1790 1586 1840 qui

101 1859 252 1884 nurum
283 1860 396 1884 suam
424 1847 627 1894 adulterio
657 1849 831 1899 polluit,
873 1855 914 1886 et
952 1849 1115 1886 Attalus
1158 1848 1229 1884 ille
1259 1861 1281 1884 a
1312 1848 1397 1884 filio
1423 1859 1584 1884 veneno

101 1902 298 1940 sublatus.
359 1903 467 1942 Nam
491 1918 584 1943 cum
612 1905 770 1943 suerint
793 1906 933 1956 plures
963 1904 1176 1955 Antigoni,
1206 1910 1248 1942 et
1273 1904 1412 1956 plures
1439 1901 1583 1945 Attali,

99 1957 270 1996 dubium
302 1966 383 2008 est,
410 1960 460 1998 de
490 1962 638 2012 quibus
669 1961 862 2013 loquatur
889 1968 1031 2000 noster
1063 1968 1219 1998 auctor.
1280 1960 1430 1998 Nullus
1458 1959 1582 2004 enim,

99 2014 208 2066 quod
240 2016 388 2064 sciam,
431 2031 603 2065 eorum,
639 2018 710 2069 qui
742 2024 927 2062 exstant,
958 2018 1281 2061 historicorum,
1325 2029 1371 2053 ea
1399 2016 1585 2054 facinora

94 2072 265 2109 notavit.
324 2073 390 2110 De
425 2074 637 2124 Antigono
678 2081 790 2111 certe
825 2074 987 2112 Coclite
1025 2075 1185 2124 egregia
1223 2074 1332 2110 inter
1362 2079 1518 2124 patrem
1541 2078 1584 2106 ct

96 2125 229 2164 filium
260 2141 389 2178 usque
417 2128 466 2165 ad
498 2137 672 2167 mortem
705 2130 925 2168 concordia
951 2137 1062 2168 vetat
1090 2144 1163 2167 nos
1193 2130 1435 2181 intelligere.
1473 2128 1583 2164 Tum

97 2180 257 2220 Philam
286 2184 529 2235 Antipatii
517 2200 597 2237 jam
630 2193 868 2237 pioveetam
899 2192 1033 2224 aetate
1056 2185 1244 2233 duxerat,
1274 2192 1315 2222 et
1343 2186 1437 2223 ideo
1459 2182 1579 2220 adut-

97 2239 196 2276 terii
226 2239 360 2277 minus
391 2249 640 2293 suspectam:
700 2243 958 2280 Deidamiam
988 2256 1101 2289 vero,
1132 2256 1252 2293 quam
1278 2239 1400 2280 duxit
1421 2239 1581 2278 Molos-

100 2294 202 2332 sidis
230 2297 336 2346 regis
363 2296 502 2344 filiam,
532 2312 740 2349 nunquam
765 2299 996 2349 Antigonus
1019 2297 1136 2347 vidit,
1166 2312 1255 2336 eam
1283 2299 1392 2335 enim
1421 2297 1579 2334 Deme-

99 2351 206 2389 trius
237 2351 414 2399 Athenis
442 2355 692 2405 reliquerat,
737 2355 899 2405 quando
939 2356 983 2392 in
1013 2354 1151 2392 Asiam
1183 2356 1290 2406 patri
1317 2355 1475 2392 laturus
1504 2366 1579 2390 au-

98 2408 248 2445 xilium
280 2407 371 2447 ivit.
419 2411 485 2447 De
510 2412 716 2460 Antigono
746 2410 909 2448 Gonata
936 2410 1046 2448 dicta
1069 2411 1283 2450 crederem
1313 2411 1451 2461 magis.
1499 2407 1579 2445 Sed

100 2477 148 2501 ea
186 2463 339 2502 debent
373 2465 423 2504 iis
460 2467 744 2510 annume1ari,
793 2466 844 2503 de
889 2467 1037 2519 quibus
1073 2473 1182 2505 tacet
1213 2467 1394 2506 historil
1433 2467 1580 2504 PALm

98 2520 475 2560 J’luc.Demct1i0
511 2536 547 2573 p
595 2522 689 2573 8q5.
733 2522 784 2562 A.
823 2523 873 2561 de
913 2523 1056 2562 Phila:
1103 2520 1260 2574 ταύτην
1298 2520 1448 2576 κομιὸᾔ
1487 2520 1581 2561 νέον

101 2572 202 2616 ὄντα
233 2572 307 2618 τόν
333 2574 578 2645 Δημήτριον
612 2579 785 2620 &vnvm
812 2575 835 2619 ὅ
862 2597 1026 2632 πατηρ,
1068 2578 1141 2622 οὐκ
1169 2575 1300 2623 οὖσαν
1332 2577 1442 2630 αὐτῷ
1469 2572 1583 2619 καί)

103 2647 242 2683 ωραν,
282 2628 385 2675 ἄλλα
425 2637 711 2688 πρεσβυτέραν
748 2636 906 2676 λαβεῖν·
959 2634 1224 2690 ἀπροθύμως
1263 2634 1305 2678 δ’
1339 2635 1473 2689 ἔχοντι
1502 2639 1581 2670 etc

106 2688 215 2738 quod
246 2690 439 2729 Luc-iano
468 2693 742 2743 suspicionem
782 2694 980 2743 praebere
1010 2696 1158 2746 potuit.
1214 2694 1313 2733 Nou
1352 2694 1487 2729 obstat
1513 2704 1580 2727 ac—

106 2749 164 2781 tas
213 2746 351 2796 potuit.
378 2748 488 2787 enim
518 2747 727 2787 Antiocho
757 2748 839 2801 jam
868 2750 1032 2802 counita
1060 2750 1215 2795 fuisse,
1257 2763 1351 2789 cum
1381 2752 1489 2786 essct
1514 2746 1584 2797 ju*
