1819 3198
225 236 325 284 556
672 249 1269 283 ADNo'rA‘ronEs

332 344 703 402 Ead.1.11.Tnv
732 344 1010 415 δισκοφόρον)
1037 349 1105 388 De
1128 362 1251 388 manu
1272 346 1430 387 discum
1456 354 1639 400 gestante
1659 355 1704 390 et

218 405 437 446 vibratura
463 406 662 457 intellige.
719 406 786 445 De
805 402 963 455 ὄκλαζω
993 405 1090 445 vide
1110 406 1241 444 Zeux.
1262 418 1299 447 0.
1321 406 1361 444 4.
1391 404 1547 445 Somne.
1585 407 1700 445 Fue-

218 464 305 502 rint
333 462 460 513 igitur
492 468 650 500 statuae
688 461 821 508 duae,
853 462 1033 501 feminae
1057 461 1326 500 ministrantis
1354 460 1536 510 discum,
1565 467 1608 499 et
1634 462 1700 515 ja·-

218 518 396 558 culantis
422 517 518 557 viri.
577 518 660 556 Sed
687 533 772 558 non
801 518 896 556 satis
923 519 1058 570 placet
1086 516 1186 556 haec
1215 511 1491 570 δισκοφόρος,
1529 530 1623 555 011111
1646 517 1699 557 ad

217 575 442 613 certamina
468 574 671 639 ejusmcodi
699 588 783 612 non
819 573 1016 612 admissae
1044 573 1263 612 videantur
1291 573 1496 611 mulieres.
1553 571 1700 625 Itaque

218 630 473 681 cogitabam,
500 643 550 667 an
578 626 605 680 ἦ
631 626 881 684 δισκοφόρος
907 631 1033 682 possit
1059 642 1146 668 esse
1173 630 1238 668 via
1273 634 1316 667 et
1346 628 1461 681 quasi
1490 629 1619 678 linea,
1646 627 1698 668 ad

217 699 340 739 quam
376 686 525 737 projici
511 685 655 725 iendus
694 693 758 725 est
797 686 951 735 discus,
989 691 1039 724 ut
1066 685 1228 724 dicatur
1254 683 1323 723 hic
1347 684 1578 723 discobolus
1603 691 1699 723 tan-

219 756 353 806 quam.
373 748 501 780 metas
541 744 751 794 respicere
785 749 828 781 et
856 754 1051 794 superare
1087 742 1227 780 conari
1255 741 1368 791 signa
1393 741 1594 785 aliorum,
1625 740 1698 794 qui

217 804 313 838 ante
341 798 478 848 ipsum
509 800 738 848 projecere.
795 799 1015 847 Putabam,
1042 803 1090 836 ut
1115 793 1143 848 ἦ
1168 794 1378 850 λεωφόρος
1402 802 1464 835 est
1492 798 1585 842 via,
1617 809 1698 849 qua

215 858 422 894 commeat
452 849 477 894 ὅ
505 849 628 903 λεώς,
660 854 718 892 sic
738 849 999 906 δισκοφόρον
1005 867 1123 906 posse
1142 854 1283 892 vocari
1300 853 1434 900 viam,
1466 858 1510 891 et
1528 853 1695 902 lineam,

214 910 269 951 ad
297 922 418 962 quam
447 909 583 949 discus
605 910 811 961 dirigitur.
841 911 973 949 GEsN.
1022 908 1210 961 Ignoscet
1238 909 1466 955 Gesneras,
1497 909 1555 958 si,
1582 915 1698 949 recte

214 967 392 1005 sensisse
420 965 646 1011 Solanam,
678 964 852 1015 dixero,-
883 979 978 1005 nam
1007 963 1218 1004 intellecto
1239 963 1354 1018 χεῖρα
1375 977 1516 1003 sensus
1545 970 1607 1002 est
1627 964 1697 1002 sa-

212 1019 428 1063 cilis.1d
458 1028 595 1060 autem
615 1022 863 1061 substantivi
887 1035 1008 1074 saepe
1035 1021 1233 1072 intelligi,
1261 1021 1360 1058 satis
1382 1020 1470 1073 ipse
1487 1020 1617 1059 novit.
1642 1019 1694 1056 V.

214 1079 305 1118 Bos
333 1076 385 1116 de
406 1076 487 1116 Ell.
509 1091 553 1130 p.
578 1080 669 1120 184.
698 1079 766 1118 vel
785 1079 882 1129 247.
913 1078 994 1118 Ed.
1013 1077 1202 1129 Sclzoetg.
1234 1076 1387 1114 Rmmz.
1440 1071 1527 1126 Tm
1555 1077 1695 1117 δισκο-

214 1130 350 1186 φόρον
388 1129 487 1174 ὁδον
526 1133 742 1173 absurdam
782 1148 891 1183 esse,
931 1133 1107 1172 necdum
1143 1138 1259 1185 puto
1317 1132 1399 1170 Sed
1427 1133 1548 1171 etiam
1577 1133 1695 1186 χεῖρα

215 1191 341 1229 :facile
384 1190 539 1240 probo:
577 1204 678 1251 quae
719 1190 754 1228 si
782 1191 826 1229 in
852 1196 1033 1228 mentem
1062 1188 1166 1228 mihi
1194 1187 1398 1233 venisset,
1426 1195 1497 1226 aut
1526 1188 1694 1226 aliunde

215 1251 325 1285 esset
353 1245 513 1292 oblata,
557 1243 854 1296 reddidissem,
893 1247 1045 1297 reflexo
1076 1245 1137 1283 ad
1156 1258 1326 1283 manum
1346 1245 1460 1283 disco
1480 1253 1695 1283 oneratam

210 1303 344 1341 vultu.
367 1300 501 1342 GESN.
529 1303 577 1339 in
594 1302 786 1340 Addend.

326 1357 436 1395 Ead.
455 1357 482 1395 l.
506 1358 568 1398 13.
597 1352 1068 1410 Μύρωνος-ὁισκοβ.)
1095 1355 1233 1408 Hujus
1266 1355 1394 1408 ipsius
1423 1361 1580 1394 statuae
1602 1369 1696 1395 me-

210 1412 335 1453 minit
365 1414 664 1462 Quintilianus
692 1414 835 1463 11,13.
888 1414 1004 1464 Quid
1023 1424 1110 1452 tam
1129 1414 1348 1450 distortam
1365 1421 1404 1451 et
1423 1413 1694 1464 elaboratum,

212 1484 342 1523 quam
365 1477 426 1507 est
450 1470 521 1507 ille
541 1483 570 1508 :o
585 1482 629 1507 is
644 1483 853 1510 cOBOLo
869 1483 887 1507 s
913 1469 1140 1518 Myronis?
1166 1468 1326 1510 SOLAN.

328 1526 437 1567 lbid.
473 1522 750 1577 Λισκοβόλος)
788 1526 1014 1564 Ba1barum
1051 1524 1131 1563 hoc
1158 1524 1289 1572 soret,
1325 1524 1361 1563 si
1384 1524 1458 1563 le.
1477 1525 1692 1590 Magistro

209 1580 340 1628 fides,
377 1582 601 1624 scribenti.-
635 1584 1023 1627 ΔΙΣΚΟΒΟΛΟΣ
1052 1577 1104 1624 οὐ
1129 1581 1194 1623 δεῖ
1217 1578 1367 1634 λέγειν,
1395 1575 1499 1622 οἷλλα
1526 1582 1693 1628 dienen-3

206 1633 297 1688 τής.
322 1638 483 1678 ΒειΤΖ.

325 1694 485 1735 Ead.1
512 1694 574 1736 16-
608 1695 888 1738 Πολυκλειτου
914 1711 995 1751 γαρ
1025 1691 1169 1747 τοῦτο)
1196 1693 1281 1733 Ubi
1304 1694 1458 1733 mentio
1485 1692 1534 1732 fit
1560 1691 1693 1742 Poly-

213 1750 336 1799 cleti,
365 1751 519 1801 miror,
547 1758 732 1793 veterem
759 1756 947 1792 Luciani
967 1750 1225 1790 Scholiasten
1250 1751 1330 1790 Ms.
1360 1756 1526 1799 notare,
1554 1748 1691 1800 Poly-

209 1807 364 1845 cletum
393 1806 524 1845 fuisse
545 1809 770 1860 pictorem,
802 1823 883 1847 non
914 1809 1180 1856 statuarium,
1210 1808 1348 1858 itaque
1374 1819 1418 1844 se
1444 1819 1532 1843 11011
1561 1806 1691 1844 intel-

209 1859 363 1927 ligere,
403 1863 474 1914 qui
509 1864 554 1901 in
592 1866 883 1903 statuariorum
921 1878 1140 1902 11111110111111
1177 1863 1384 1902 reieiatur
1422 1876 1446 1900 a
1482 1863 1690 1908 Luciam),

208 1920 290 1956 nisi
317 1919 426 1957 sorte
455 1918 509 1955 sit
541 1919 646 1957 alius
681 1921 929 1971 Polycletus
990 1919 1127 1957 Veiba
1156 1920 1264 1955 enim
1295 1924 1412 1956 sunt:
1440 1913 1638 1968 Γραφευς
1665 1914 1690 1956 ὅ

211 1971 488 2044 Πολύξλειτος
515 1989 650 2029 ωςπερ
680 1975 752 2016 καὶ
788 1972 812 2016 0‘
839 1971 1106 2027 Εὐφράνωρ,
1143 1975 1216 2014 καὶ
1245 1973 1332 2020 πῶς
1355 1968 1690 2038 ἆγαλματοποιός

208 2029 287 2073 νῦν
316 2028 522 2082 εἰςάγεται
548 2028 780 2084 θαυμάζω,
811 2028 841 2081 ἢ
869 2030 1006 2084 μήπερ
1033 2033 1168 2082 ἕτερος
1197 2026 1316 2077 οὗτος
1346 2044 1366 2069 ο
1397 2024 1688 2075 Πολύκλειτος.

206 2088 369 2127 Verum
398 2087 488 2139 quis
525 2090 656 2126 nescit
691 2089 948 2138 l’olycletum
977 2087 1216 2136 Sicyonium
1246 2085 1478 2137 Angeladae
1504 2085 1693 2136 discipu-

207 2143 319 2192 lum,
348 2149 391 2181 et
419 2145 506 2193 ejus
538 2143 770 2192 Canonem,
799 2150 840 2181 et
867 2150 930 2182 tot
956 2150 1136 2190 statuas,
1170 2156 1268 2194 quas
1298 2143 1339 2180 iu
1369 2143 1528 2179 coelum
1559 2147 1689 2178 extu-

209 2199 349 2238 lerunt
388 2199 584 2238 veteres?
625 2200 734 2238 Vide
760 2200 878 2238 Plin.
911 2197 1119 2247 XXXIV,
1145 2199 1180 2236 8.
1227 2205 1267 2236 et
1306 2196 1358 2236 de
1402 2197 1567 2235 Canone
1595 2197 1688 2234 sive

209 2267 356 2294 norma
394 2255 615 2306 Polycleti,
649 2256 856 2294 Galenum
886 2255 937 2293 de
966 2254 1231 2306 Hippocratis
1261 2260 1303 2291 et
1328 2253 1509 2291 Platonis
1540 2250 1691 2291 decre-

209 2311 285 2360 tis,
325 2317 366 2348 et
398 2311 442 2348 in
471 2312 606 2362 primo
646 2311 698 2350 de
733 2312 1078 2363 temperamentis·
1135 2308 1384 2361 Euphranor
1409 2315 1451 2347 et
1484 2311 1620 2360 pictor
1646 2313 1690 2347 et

210 2367 333 2406 fictor
361 2366 469 2415 suit,
498 2367 562 2404 uti
585 2381 637 2405 ex
665 2367 810 2406 eodem
827 2369 975 2405 Plinio
996 2372 1175 2412 constat,
1170 2380 1178 2387 ·
1206 2365 1302 2404 vide
1320 2367 1390 2403 lib.
1419 2365 1607 2413 XXXV,
1626 2376 1689 2401 11.

211 2422 370 2461 Critiae
419 2436 582 2474 quoque
619 2425 795 2462 Plinius
834 2420 1246 2462 111011111111.0111Εν
1304 2421 1580 2463 Πολυκλείτου
1619 2422 1690 2461 και

210 2477 334 2521 τοῦτο
366 2476 501 2530 ἔργον)
536 2479 681 2517 Statua
714 2479 910 2517 nimirum
948 2479 1047 2525 illa,
1088 2477 1139 2516 de
1173 2491 1251 2529 qua
1280 2477 1324 2515 in
1351 2476 1689 2542 piaecedentibus

210 2548 347 2573 sermo
386 2536 479 2572 suit.
544 2533 609 2572 Ad
649 2535 758 2573 hunc
796 2535 933 2573 locum
963 2507 1230 2572 Sclioliastes:
1261 2529 1458 2584 Γραφευς
1485 2528 1509 2573 ὁ
1542 2525 1689 2572 Πολύ-

210 2594 365 2637 κλειτος
398 2586 531 2641 ὥςπερ
557 2586 581 2630 ὅ
604 2587 868 2643 Εὐφράνωρ,
899 2593 970 2632 καὶ
999 2606 1089 2638 πως·
1113 2585 1443 2642 αγαλματοποιός
1470 2586 1545 2628 νῦν
1575 2582 1688 2633 εἰς-α-

210 2660 328 2701 γεται
355 2642 577 2699 θαυμαζω.
634 2647 902 2685 Inscitissime
930 2647 1096 2698 quidem
1124 2645 1224 2694 hoc,
1254 2646 1289 2683 si
1320 2657 1498 2697 unquam
1527 2644 1576 2681 ab
1600 2644 1685 2681 ullo

213 2702 452 2755 quidpiam,
494 2704 544 2741 ab
580 2701 807 2740 Scholiaste
845 2702 1045 2753 scriptum
1076 2708 1148 2743 est
1209 2701 1352 2749 Quid?
1389 2700 1539 2738 Nonne
1565 2698 1687 2737 fictor

213 2764 258 2799 et
284 2771 430 2799 revera
454 2754 793 2812 ἁγαλματοποιός
817 2757 901 2798 suit
928 2757 1197 2811 Polycletus?
1228 2757 1366 2795 Cicero
1394 2761 1506 2795 certe
1529 2756 1604 2794 111.
1634 2754 1688 2794 de
