1819 3198
255 241 355 290 430
687 249 1306 282 ADNOTATIONES

372 353 482 394 Ead.
504 352 533 394 l.
558 352 625 393 13.
655 345 957 404 Hacdaywydv)
981 349 1025 388 Si
1053 364 1197 389 verum
1226 354 1299 397 est,
1326 354 1374 387 ut
1402 347 1649 402 saepissime
1655 354 1730 397 est,

253 411 487 464 potentiora
516 421 606 446 esse
631 407 937 460 postponenda,
977 407 1142 444 omnino
1171 406 1337 458 πατέρα
1366 406 1645 457 recipiendum
1677 419 1732 443 ex

255 469 304 510 Ρ
345 467 401 504 Et
429 466 686 516 Obsopoeus‚
715 465 961 514 magistrum
980 468 1102 515 atque
1123 472 1328 501 alcotolem
1357 468 1537 510 vertens,
1565 462 1732 501 videtur

255 538 305 562 eo
336 521 558 569 adlusisse3
591 520 662 558 sed
688 520 842 562 nescio,
869 518 977 555 unde
1008 518 1392 558 habuerit.RE1Tz.
1431 518 1563 556 Valde
1583 518 1731 568 displi-

256 585 323 618 cet
351 576 513 629 πατέρα
547 575 598 616 de
628 576 726 623 dea,
771 588 873 626 quae
904 575 1034 613 multo
1074 575 1236 613 facilius
1278 571 1522 622 διδάσκαλος
1552 579 1594 611 et
1627 586 1730 612 vero

251 630 516 687 παιδαγωγος
545 633 627 671 dici
654 631 803 683 potuit.
827 631 970 668 LEHM.

252 729 281 757 3„
367 693 824 752 Pag.97.l.6.Tq1)
867 696 1012 750 Abjeci
1050 703 1260 736 accentum
1297 712 1392 736 cum
1429 696 1493 735 ΡΖ.
1520 703 1567 736 ut
1596 702 1732 749 pateat
1786 743 1787 746 Ἰ

254 773 331 812 pro
360 757 443 799 τινι
468 753 761 807 accipiendum,
791 754 900 806 quod
928 752 1023 792 alibi
1051 754 1131 805 jam
1156 754 1246 804 plus
1273 754 1406 791 decies
1433 752 1660 803 habuimus,
1690 758 1733 792 et

189 830 194 834 ’
254 827 308 854 ne
337 827 427 852 mea
455 818 653 863 repetam,
682 810 765 849 vid.
796 812 954 848 Hemst.
982 808 1033 847 ad
1063 809 1269 848 Prometh
1297 824 1332 851 c.
1357 823 1396 860 7.
1423 809 1576 847 Rmrz.

369 888 477 928 Ead.
503 887 532 927 l.
557 889 595 928 8.
624 881 743 929 Πολυ
761 884 918 938 μᾶλλον
943 879 1064 927 τοῦτο
1086 883 1285 937 λέγοντες)
1315 885 1412 923 Non
1438 885 1583 923 damno
1611 884 1731 937 equi-

257 946 350 986 dem
381 945 710 1010 supplementum
748 942 852 980 illud
889 941 1124 995 χαρίσαιτε·
1168 942 1241 979 sed
1277 955 1378 993 opus
1416 942 1488 979 illo
1520 955 1606 978 esse
1649 955 1731 980 non

254 1002 446 1049 arbitror,
477 1014 569 1038 cum
597 995 685 1040 cino
713 997 790 1040 τοῦ
820 997 967 1041 κοινοῦ
994 998 1171 1050 intelligi
1194 1010 1247 1036 ex
1266 997 1606 1050 praecedentibus
1628 1010 1731 1049 pos-

252 1060 317 1108 sit,
343 1057 596 1112 γνωρίσαιτε.
627 1054 761 1094 GnsN.

205 1186 211 1192 ..
364 1134 472 1174 Ibid.
514 1130 647 1174 Τοῦτο
677 1131 865 1184 λέγοντες
892 1128 993 1183 ἐμὲ)
1034 1130 1217 1169 Verbum
1254 1126 1323 1168 hic
1366 1129 1507 1168 deesse
1545 1129 1730 1178 videtur,

254 1186 459 1244 τιμήσετε,
490 1195 561 1227 aut
590 1188 737 1227 simile.
769 1187 940 1227 GUYET.
996 1187 1092 1225 Vid.
1119 1188 1255 1224 Jensii
1285 1193 1421 1224 notam
1451 1187 1730 1238 praemissam,

254 1249 326 1301 qui
351 1253 443 1299 post
466 1244 565 1284 haec
593 1244 730 1291 verba,
756 1242 1009 1295 χαρίσαισθε
1039 1259 1106 1290 αν,
1138 1243 1204 1279 vel
1230 1243 1362 1280 simile
1390 1243 1500 1294 quid,
1528 1242 1732 1280 excidisse

252 1304 489 1343 arbitratur.
551 1298 635 1342 Sed
671 1299 768 1351 quid
798 1300 832 1336 si
864 1299 1082 1350 peculiaris
1111 1298 1351 1336 Atticismus
1381 1300 1454 1347 sit,
1494 1300 1560 1348 (ut
1586 1311 1731 1336 revera

254 1357 331 1413 est)
364 1358 568 1411 participii
594 1370 669 1407 pro
698 1355 959 1406 subjunctivo
982 1355 1048 1393 vel
1078 1354 1355 1405 imperativo?
1388 1326 1454 1392 Ita⁷
1478 1355 1587 1392 enim
1609 1367 1732 1405 pror-

252 1430 321 1455 sus
352 1416 569 1466 Epictetus
599 1409 716 1452 Sent.
739 1410 804 1450 52.
825 1424 863 1461 Ρ.
893 1410 985 1451 116.
1010 1410 1089 1452 Ed.
1111 1411 1201 1448 Rel.
1226 1411 1321 1457 ubi,
1353 1424 1446 1448 cum
1475 1409 1579 1447 nihil
1607 1423 1730 1460 prae-

252 1471 383 1518 cedat,
411 1484 490 1522 quo
515 1468 736 1516 referatur,
764 1467 823 1504 sic
851 1467 999 1517 incipit
1025 1479 1172 1504 novam
1203 1467 1467 1504 sententiam:
1505 1460 1615 1513 Τους
1634 1467 1732 1512 dvc-

252 1543 382 1594 χερεις
421 1524 462 1566 δὲ
492 1518 749 1577 φιλοσόφους
786 1523 843 1569 εἰς
877 1536 1003 1573 μεσον
1038 1519 1229 1575 ἄγοντες,
1280 1522 1342 1568 οἷς
1381 1516 1428 1562 οὗ
1466 1522 1580 1563 δοκεῖ
1618 1536 1727 1562 κατα

252 1583 380 1638 φύσιν
407 1578 533 1632 ἦδονη
560 1579 668 1621 εἶναι
689 1585 766 1617 etc.
804 1578 914 1631 quod
955 1578 1014 1616 ibi
1050 1585 1164 1616 recte
1199 1580 1480 1616 convertitur·
1532 1579 1731 1615 Molestus

253 1650 394 1680 autem
416 1636 692 1690 philosophos
733 1637 779 1673 in
809 1634 991 1672 mediam
1023 1635 1303 1685 producamus
1332 1640 1412 1672 etc.
1453 1646 1555 1685 quae
1592 1634 1730 1684 legens

250 1695 441 1742 videbis,
469 1707 553 1732 non
584 1692 707 1730 etiam
738 1690 854 1743 sequi
882 1691 1082 1738 verbum,
1121 1704 1201 1742 quo
1230 1690 1509 1729 nominativus
1541 1689 1731 1741 particip.

252 1753 474 1793 reseratur.
531 1749 599 1787 Sic
639 1747 882 1811 σφίγγοντες
921 1760 996 1797 pro
1031 1747 1314 1799 σφιγγέτωσαν
1350 1752 1393 1783 et
1429 1746 1548 1784 simil.
1584 1745 1731 1783 crebro

249 1810 366 1850 Aret.
399 1805 591 1856 Cappad.
621 1804 721 1843 Vid.
749 1806 837 1854 ejus
875 1803 1079 1852 syntaxin
1109 1802 1282 1840 editioni
1304 1801 1534 1840 Boerlzavic‘
1556 1799 1731 1854 subjun-

252 1871 372 1912 ctam,
403 1877 441 1914 p.
460 1860 554 1912 559.
576 1874 610 1897 a.
670 1860 927 1910 Quamquam
957 1859 1125 1908 genitiv.
1153 1858 1361 1910 participii
1389 1871 1464 1909 pro
1495 1859 1617 1895 tertia
1649 1857 1730 1894 im·-

251 1918 431 1973 perativi
458 1915 717 1968 frequentius
738 1915 933 1961 occurrit,
964 1914 1015 1952 de
1042 1927 1122 1966 quo
1142 1927 1264 1965 supra
1287 1913 1337 1950 ad
1356 1913 1447 1954 Jov.
1471 1914 1590 1963 Trag.
1607 1927 1643 1950 c
1663 1924 1726 1951 12.

252 1975 374 2016 Adde
398 1975 548 2012 Μαίη.
577 1971 629 2009 de
656 1971 833 2009 Dialect.
859 1984 898 2022 Ρ.
918 1969 985 2010 66.
1010 1976 1052 2007 et
1076 1982 1142 2020 79.
1171 1970 1244 2008 ubi
1282 1969 1401 2006 etiam
1431 1968 1730 2034 nominativum

251 2032 398 2084 partic
430 2042 524 2066 cum
560 2023 640 2075 αἶς,
678 2040 733 2066 ex
768 2027 958 2078 Soplzoel.
988 2025 1091 2064 Oed.
1124 2026 1224 2075 Tyr.
1246 2026 1339 2064 551.
1373 2019 1491 2065 οἶσθ’
1522 2039 1578 2071 ως
1613 2019 1731 2073 ποιή-

254 2103 356 2136 σων,
383 2099 458 2137 pro
490 2079 697 2133 ποιήσεις.
756 2083 813 2121 Et
843 2097 897 2121 ex
928 2083 1038 2120 Xen.
1069 2096 1107 2133 p
1130 2080 1223 2131 437.
1254 2084 1292 2121 οἱ
1313 2076 1595 2132 προδιδόντες,
1623 2093 1730 2130 pro-

253 2144 462 2183 ficier-,unt
522 2141 680 2178 Multos
708 2139 809 2178 alios
834 2140 947 2177 lusus
977 2138 1020 2175 in
1058 2138 1283 2189 participiis
1311 2138 1475 2175 adferre
1499 2137 1667 2184 liceict,
1696 2135 1731 2172 si

253 2205 417 2249 tempus
447 2198 625 2246 sineret3
664 2195 737 2234 sed
774 2197 962 2234 Luciam?
999 2193 1078 2232 hoc
1117 2207 1245 2245 aeque
1285 2207 1330 2231 ac
1358 2194 1547 2243 Epicteti
1584 2204 1731 2229 revera

254 2269 331 2307 pio
361 2253 607 2305 imperativo
636 2255 678 2290 et
708 2252 810 2303 subJ'.
842 2250 995 2317 exponi
1034 2256 1203 2302 possunt
1230 2249 1479 2301 simpliciore
1509 2248 1640 2286 multo
1667 2247 1732 2284 el-

254 2311 375 2361 lipsi,
417 2322 538 2361 quam
567 2308 602 2346 si
637 2308 889 2361 χαρισαισθε
923 2303 976 2347 ἂν
1013 2306 1434 2358 supplea5‚ve1bum
1465 2305 1546 2355 εἰμὶ
1572 2309 1728 2341 tantum

255 2365 535 2415 intelligendo,
565 2371 611 2402 ut
636 2365 817 2418 λέγοντες
844 2364 898 2403 sit
924 2362 1104 2428 λέγοντες
1130 2359 1220 2403 ἔστε
1272 2361 1416 2400 Veluti
1445 2361 1729 2406 szavorinus,

257 2427 429 2460 notante
457 2422 703 2469 Moittaire,
742 2434 783 2472 p.
804 2418 870 2459 66.
910 2413 1184 2472 ἀγγελλόντων
1220 2418 1393 2468 exponit
1428 2414 1615 2457 ἔστωσαν
1653 2410 1730 2466 οἶγ-

254 2476 472 2531 γεᾘλλοντες
531 2475 718 2527 Cumque
744 2476 869 2526 genit
898 2477 1054 2539 partic..
1067 2489 1142 2526 pro
1177 2475 1298 2511 tertia
1320 2473 1554 2523 imperativi
1580 2483 1729 2508 occur-

255 2541 322 2573 rat
350 2531 700 2584 frequentissime,
739 2531 838 2583 quid
864 2534 1083 2580 miramur,
1120 2531 1154 2568 si
1188 2535 1230 2567 et
1257 2528 1532 2566 nominativus
1560 2539 1636 2577 pro
1660 2539 1730 2562 se·-

258 2589 405 2627 cunda
437 2587 619 2640 ejusdem
661 2595 836 2638 ponatul
876 2585 1113 2625 interdum?
1179 2584 1371 2634 Particip.
1411 2597 1485 2647 pr'o
1522 2581 1728 2619 infinitivo

193 2693 205 2699 .‚
255 2647 414 2684 rariore
441 2646 563 2681 etiam
593 2649 799 2681 structura
829 2644 1009 2693 Tlcucycl
1040 2642 1074 2691 J,
1102 2654 1192 2683 121
1218 2641 1248 2678 f.
1275 2637 1390 2692 ημεῖς
1417 2634 1463 2680 ὃ
1488 2637 1558 2678 ἔπι
1580 2654 1638 2690 τῳ
1662 2653 1729 2677 τι-

254 2697 516 2754 μωρούμενοι
542 2714 639 2745 τους
664 2694 867 2751 ἐχθρούς,
909 2700 1016 2750 quod
1047 2698 1266 2736 δυΙιοίὶαει.
1296 2701 1411 2732 notat
1439 2708 1514 2746 pio
1542 2688 1728 2746 τιμωρή-

258 2763 421 2799 σασθαι
448 2756 641 2809 positum.
699 2756 804 2793 Nam
837 2755 933 2793 alias
960 2755 1182 2806 praemisso
1208 2752 1338 2791 verbo
1365 2752 1540 2789 alterum
1567 2751 1611 2788 in
1632 2762 1727 2802 par-
