1819 3198
463 227 1109 258 DEPARAS1T0.
1398 222 1489 263 10‘·

90 322 372 377 Ἀθηναίοις,
402 321 507 372 daza?
536 324 668 381 Θρᾳξὶ
694 326 767 368 και
789 323 1011 378 Σκύθαις,
1039 323 1147 370 ὅθεν
1172 328 1302 372 ε’κιῖνο
1330 329 1380 374 τό
1410 329 1543 392 noi-p.
1553 348 1634 391 856

92 401 245 449 θαρμα
280 387 346 442 ἦν.

210 454 340 499 TYX
369 451 629 504 Ἐπίσταμαι
656 449 800 494 ταῦτα.
829 447 914 493 ἁλλ’
942 448 1060 499 οὗτοι
1086 452 1161 503 μὲν
1187 449 1378 509 ῥητορες,
1417 459 1490 499 και
1527 464 1592 513 43

91 517 241 574 λόγους
275 522 405 575 λέγειν
442 515 690 571 ησκηκότες,
729 515 882 573 οἷρετην
916 520 958 561 δὲ
983 525 1026 566 0)
1058 518 1119 563 οὔ
1153 523 1193 563 τί
1220 524 1262 564 δὲ
1290 525 1386 577 περὶ
1412 543 1498 568 των

93 586 334 644 φιλοσόφων
372 589 526 642 λε’γειςῑ
572 584 621 630 οὐ
655 584 734 641 γοῖρ
780 583 832 638 δὴ
877 582 1076 638 τούτους,
1124 586 1262 644 ὥςπερ
1299 592 1488 647 ἐκείνους,
1507 602 1635 649 p.867.

91 657 199 713 ἔχεις
215 663 270 710 p)
302 657 539 700 αἰτιᾶσθαι.

206 727 352 769 HAP.
399 720 523 769 Οὗτοι
557 721 705 772 πάλιν,
755 719 788 764 ὦ
833 718 1040 778 Τυχιάδη,
1087 729 1127 767 οἱ
1163 728 1257 780 περὶ
1291 727 1368 781 τῆς
1410 727 1490 772 α’ν-

86 794 209 845 &plac
233 798 279 846 q)
316 791 522 847 ὁσημέραι
549 787 857 845 διαλεγόμενοι,
893 792 966 832 καὶ
995 795 1312 847 κατατρίβοντες
1338 794 1386 838 τό
1414 797 1491 850 τῆς

89 859 243 915 ἀρετῆς
269 859 426 916 ὄνομα,
466 860 602 914 πολλῷ
628 860 780 912 μᾶλλον
807 857 893 900 τῶν
921 856 1109 913 ῥητόρων
1137 863 1372 915 φανοῦνται
1401 869 1489 908 δει-

89 925 276 982 λότεροι,
313 931 384 972 καὶ
408 925 707 983 μαλακώτεροι.
735 922 884 968 σκόπει
912 927 1006 980 ὁὲν)
1037 924 1164 970 οὕτω.
1200 931 1365 985 πρῶτον
1400 935 1488 986 μὲν,

92 994 168 1038 οὐκ
193 997 310 1040 ἔστιν
337 994 448 1047 ὅςτις
474 997 648 1044 alnetus)
679 994 769 1048 ἔχοι
794 991 1025 1048 φιλόσοφον
1046 996 1090 1038 ἐν
1112 999 1275 1052 πολέμῳ
1300 1006 1490 1043 τετελευ-

90 1062 261 1116 τηκότα.
290 1064 385 1117 ἦτοι
405 1063 485 1120 γοῖρ
515 1062 608 1107 οὐδὲ
633 1061 739 1111 ὅλως
768 1060 1110 1117 ἐστρατεύσαντο,
1140 1063 1169 1116 ἢ
1195 1069 1307 1123 εἴπερ
1335 1069 1491 1122 ἐστρα-

736 1128 1012 1182 Ἀντισθένης
1038 1132 1111 1184 μὲν
1137 1127 1225 1184 οὖν,
1253 1136 1322 1177 καὶ
1340 1136 1490 1190 Διογέ-

92 1217 194 1253 νης,
223 1203 296 1259 καῖ
315 1199 508 1256 Κράτης,
537 1202 608 1244 καὶ
636 1195 808 1251 Ζήνων,
836 1200 905 1242 καὶ
931 1197 1141 1250 Πλάτων,
1177 1201 1248 1243 καῖ
1275 1205 1490 1261 Αἰσχίνης,

92 1271 165 1311 καὶ
192 1266 507 1322 Ἀριστοτέλης,
545 1269 616 1311 καῖ
653 1267 738 1317 πᾶς
773 1265 895 1315 οὗτος
931 1265 952 1308 ὁ
983 1267 1145 1320 ὅμιλος,
1184 1266 1276 1312 οὐδὲ
1299 1261 1341 1320 ί)
1379 1271 1488 1313 εἶδον

91 1331 346 1390 παροῖταξιν·
384 1333 509 1390 μόνος
533 1337 575 1378 δὲ
599 1333 808 1389 τολμήσας
836 1337 1015 1386 ἐξελθεῖν
1045 1338 1101 1384 εἰς
1129 1333 1204 1386 τήν
1240 1337 1285 1379 ἐν
1320 1337 1372 1394 τῇ
1403 1336 1490 1380 πό-

91 1407 209 1454 zaza)
236 1401 375 1460 μα’χην
403 1403 424 1447 ὁ
453 1402 584 1458 σοφός
610 1403 744 1447 αὐτῶν
764 1401 1005 1458 Σωκράτης,
1036 1400 1200 1458 φεύγων
1222 1405 1385 1448 ἐκεῖθεν
1407 1402 1491 1449 οἷπό

89 1131 312 1184 τεύσαντο,
339 1130 493 1181 πάντες
516 1131 679 1187 ἔφυγον.

142 1497 179 1537 ο)
207 1493 276 1538 δὲ]
310 1494 367 1526 καὶ
388 1493 423 1527 Β.
448 1492 481 1526 5.
506 1495 540 1526 in
577 1505 644 1535 qua
680 1502 773 1526 totus
808 1493 866 1525 hic
901 1493 1001 1525 locus
1036 1502 1230 1536 corruptus.
1279 1495 1318 1536 p)
1345 1492 1492 1539 ὥςπερ

186 1539 384 1574 ἐκείνους
407 1540 550 1581 ἔχεις]
579 1541 659 1571 Alio
686 1539 833 1579 ordine,
871 1539 932 1581 qui
964 1542 1195 1581 praestantior
1224 1539 1316 1572 visus
1349 1540 1492 1580 Belz'no,

167 1585 289 1617 ¹3011.
312 1586 396 1626 εχεις
415 1585 520 1629 ὥςπερ
544 1586 701 1623 ἐκείιους
729 1594 762 1618 et
787 1585 838 1617 sic
864 1584 984 1617 Sckm.
1008 1596 1162 1627 quoque.
1215 1588 1254 1628 q)
1280 1584 1446 1630 ανδρία
1458 1586 1491 1628 ς]

187 1625 344 1675 ἇιὸρεάις
367 1631 470 1663 3011.
502 1631 558 1663 Cf.
576 1631 629 1662 De
649 1632 735 1665 Salt.
763 1643 793 1666 c.
816 1641 867 1664 12.
894 1639 929 1662 et
955 1631 1114 1662 Hermot.
1141 1643 1172 1666 c
1193 1645 1225 1675 7.
1249 1631 1370 1673 ibique
1393 1632 1494 1664 Varr-

190 1677 302 1708 Lectr.
356 1679 389 1720 r)
415 1676 484 1720 δὲ]
518 1674 562 1718 δὴ
593 1677 709 1719 vulgo.
748 1672 954 1709 Necessario
987 1678 1142 1718 correxi,
1179 1686 1349 1709 monente
1385 1680 1494 1709 etiam

187 1721 398 1755 Fritzschio
426 1722 598 1765 Quaestst.
622 1734 658 1765 p.
681 1722 756 1767 196.
781 1723 876 1766 quod
904 1723 1121 1754 confusionis
1148 1734 1259 1765 genus
1291 1723 1495 1764 saepissime

185 1767 258 1810 jam
283 1779 301 1798 a
326 1768 428 1799 nobis
452 1780 516 1811 per
544 1768 604 1800 hos
631 1769 740 1801 libros
764 1776 941 1800 notatum
986 1770 1016 1804 s)
1044 1766 1171 1805 ὄςτις
1195 1768 1391 1827 Ηείπεῖν]
1416 1793 1436 1808 ,,
1429 1769 1494 1806 ,εἶ-

188 1818 264 1846 πεῖν
287 1810 377 1850 ὅςτις
397 1812 454 1846 Fl.
459 1817 481 1832 “
513 1813 666 1846 Belznus
691 1815 782 1858 conj.
807 1814 898 1852 ὅςτις
920 1811 960 1846 ἂν
984 1815 1088 1847 εἰπεῖν
1109 1816 1164 1846 vel
1190 1812 1282 1852 ὅςτις
1303 1814 1374 1846 {aaz
1375 1817 1409 1845 ῖν
1427 1815 1496 1859 ἰχη.

187 1861 218 1904 t)
245 1857 378 1904 οὐδὲ]
413 1858 472 1892 Sic
500 1859 601 1895 Gorl.
629 1861 733 1895 5011.
758 1860 835 1893 Bel.
861 1859 980 1894 Sclzm.
1012 1872 1076 1904 pro
1110 1858 1335 1903 vulg.01’i·ct
1387 1862 1426 1904 u)
1453 1866 1498 1893 εν

96 1956 148 1994 pr
151 1941 215 1980 ius
227 1954 249 1978 a
261 1954 466 1992 quoquam
479 1940 645 1990 audisti,
663 1954 767 1993 quae
825 1954 923 1980 men
988 1948 1137 1980 conte1
1141 1948 1257 1980 entes
1267 1970 1283 1990 ,
1362 1941 1498 1979 multo

97 1999 184 2037 sint
242 1998 459 2037 notissima
469 2028 481 2048 ,
535 2011 622 2037 non
673 2000 766 2038 dico
826 2000 954 2038 etiam
1013 2001 1250 2039 timidiores
1312 2000 1500 2038 oratori-

97 2056 450 2106 Atheniensibus,
491 2056 564 2095 scd
586 2056 768 2096 Thraci-

99 2113 178 2151 bus
199 2127 244 2152 ae
268 2113 456 2164 Scythis,
483 2114 594 2152 unde
612 2128 768 2166 purga-

100 2179 289 2209 mentum
310 2171 416 2209 illud
437 2171 550 2209 fuit‘?

163 2229 286 2279 Tyelz.
327 2229 444 2266 Novi
476 2229 565 2266 ista.
619 2228 701 2266 Sed
725 2227 771 2266 hi

100 2285 334 2333 Rhetores,
380 2291 423 2323 et
444 2285 586 2324 verbis
610 2284 772 2323 facien-

101 2344 165 2382 dis
191 2344 440 2391 exercitati,
484 2344 536 2381 ad
565 2343 773 2381 virtutem

101 2414 188 2438 non
209 2403 324 2439 item.
376 2400 492 2452 Quid
513 2413 617 2439 vero
640 2403 698 2439 ais
722 2401 772 2438 de

101 2457 400 2510 Philosophis'?
471 2472 606 2509 nequo
660 2458 773 2497 enim

103 2529 200 2554 sane
222 2516 359 2564 habes,
382 2517 494 2567 quod
515 2516 604 2565 hos,
628 2530 776 2567 quem·

104 2574 327 2612 admodum
351 2575 465 2621 illos,
496 2586 673 2612 accuses.

164 2633 267 2670 Par.
308 2632 366 2669 Hi
388 2646 555 2681 rursus,
588 2630 776 2682 Tychia-

108 2688 173 2735 de,
206 2688 255 2725 de
279 2689 533 2727 fortitudine
556 2690 776 2740 disputan-

109 2752 169 2783 tes
191 2747 400 2796 quotidie,
433 2753 476 2785 et
497 2746 671 2786 virtutis
694 2760 775 2784 no-

594 2820 623 2854 ,ν

824 2058 902 2096 bus
914 2059 1177 2108 apparebunt
1189 2057 1499 2107 mollioresque.

827 2115 1059 2155 Considera
1079 2129 1184 2154 vero
1211 2116 1282 2153 ita.
1351 2116 1498 2154 Primo

825 2187 913 2211 non
935 2179 1009 2220 est,
1041 2174 1112 2223 qui
1133 2172 1351 2210 nominare
1374 2177 1501 2223 queat

828 2229 1133 2282 Philosophum
1148 2231 1193 2267 in
1205 2230 1368 2280 proelio
1381 2244 1494 2268 mor·

831 2294 962 2325 tuum.
1024 2287 1112 2326 Aut
1135 2288 1246 2326 enim
1267 2288 1391 2340 plane
1412 2300 1500 2325 non

829 2346 1091 2394 militarunt,
1133 2351 1227 2393 aut,
1273 2346 1309 2383 si
1340 2345 1500 2384 milita—-

829 2409 944 2451 runt,
977 2403 1178 2453 fugerunt
1199 2415 1356 2442 omnes.
1407 2404 1501 2441 An-

831 2459 1036 2499 tisthenes
1057 2461 1247 2511 quidem,
1280 2468 1323 2499 et
1340 2459 1505 2511 Dioge-

831 2531 928 2566 nes,
961 2526 1003 2557 et
1025 2519 1193 2566 Crates,
1225 2523 1267 2555 et
1286 2520 1426 2567 Zeno,
1460 2523 1503 2555 et

831 2576 965 2624 Plato,
997 2581 1040 2614 et
1061 2574 1303 2623 Aeschines,
1336 2582 1378 2614 et
1399 2576 1502 2613 Ari—

832 2636 1018 2682 stotclos,
1052 2641 1093 2672 et
1115 2633 1250 2672 omnis
1271 2633 1343 2671 illa
1364 2633 1503 2680 turba,

831 2703 885 2727 ne
926 2692 1130 2731 viderunt
1159 2693 1326 2740 quidem
1359 2692 1503 2727 aciem.

834 2748 956 2789 Solus
978 2763 1083 2790 vero
1109 2762 1230 2788 ausus
1245 2749 1444 2801 progredi
1462 2747 1506 2785 in
