1819 3198
310 249 371 279 1N
419 247 769 283 RHETORUM
817 249 1318 285 PRAECEPTOREM.
1452 242 1549 289 543

74 365 237 406 quoque
272 348 484 388 interdum
525 347 737 398 adfirmat,
776 354 822 388 ut
857 348 967 392 Gall.
1000 363 1037 392 c.
1063 361 1130 402 29.
1150 350 1183 393 f.
1222 351 1394 406 aliisque
1427 355 1547 404 locis,

73 422 198 459 supra
224 410 304 457 jam
334 405 535 446 indicatis.
566 404 714 442 Rerrz.

190 463 292 501 End.
315 464 341 500 l.
366 476 404 513 9.
442 459 556 507 Εἶεν)
594 462 686 498 Hoc
714 461 842 500 verbo
872 461 1029 512 excipit
1068 462 1242 500 relatum
1275 479 1296 502 a
1322 478 1365 503 se
1392 481 1550 506 sermo-

70 534 165 558 nem
188 519 456 565 Dioscuridis,
477 532 508 557 s.
523 517 661 568 Clytii,
683 519 913 557 Lucianus.
936 520 1060 557 Plato
1083 519 1132 556 de
1146 519 1250 570 Rep.
1272 517 1306 559 Ῑ.
1327 535 1367 572 p.
1388 524 1482 574 419.
1500 526 1535 562 E

70 572 181 629 Ἐγώ
209 575 255 616 δέ
278 591 345 616 σοι
375 569 506 625 ὥςπερ
538 575 626 619 ταῖς
657 573 730 624 (al.
766 573 885 624 παῖς)
909 575 1059 626 γραυσῖ
1079 571 1176 622 τούς
1202 571 1367 628 μύθους
1409 577 1552 631 λεγού-

74 648 189 680 σαις,
225 629 302 671 εἷεν
339 630 423 683 ἔραῗ
463 630 534 670 καὶ
571 625 880 682 κατανεύσομαι
908 646 945 672 κ.
969 648 1002 671 τ.
1022 636 1055 673 λ.
1102 631 1200 672 Vid.
1224 630 1276 671 ad
1306 635 1438 685 princ.
1466 637 1551 676 Ca-

68 690 182 741 tapli.
213 688 341 725 GEsN.

184 744 294 783 Ead.
329 744 355 781 l.
383 754 446 781 ιι.
484 742 616 795 Οἶπερ
653 739 831 796 ἐξαρχῆς
863 739 956 794 etc.)
1001 743 1078 784 le.
1111 745 1236 797 Mag.
1256 758 1296 785 v.
1323 743 1554 802 Βούλομαι.“

71 800 232 838 δοιΑΝ.
1294 816 1303 843 ,·
1358 821 1360 824 ·

186 855 292 896 Ead.
315 855 342 892 l.
359 854 418 893 ιδ.
453 849 624 905 Πτηνόν
646 850 777 907 ἅρμα)
803 855 935 907 Supra
961 855 1066 894 Pisc.
1091 870 1126 896 c.
1141 867 1207 896 22.
1236 858 1306 896 Bis
1321 858 1552 901 Accus.33.

71 912 189 953 Plat,
226 910 371 948 Phaed.
399 911 492 950 544.
519 912 569 949 G.
590 912 645 951 H.
676 912 838 949 SOLAN.

186 968 293 1007 lhicl.
312 962 588 1016 Ἒλαῦνοντα)
610 965 679 1007 Sic
707 967 818 1004 forte
842 966 1083 1018 legendum:
1112 966 1329 1012 ἐλαύνοντί
1358 987 1426 1013 σοι
1444 971 1553 1025 μᾶλ-

72 1025 142 1063 λον
170 1030 248 1062 etc.
285 1023 457 1063 GUYET.
519 1022 700 1061 Omnino
731 1037 812 1060 non
845 1037 944 1074 opus
975 1029 1047 1064 est.
1078 1025 1224 1065 me.

191 1082 304 1131 Pag.
329 1081 422 1129 237.
445 1080 471 1117 l.
500 1093 535 1120 ι.
570 1079 809 1130 Φὲρεσθαι)
835 1080 1046 1117 Glossema
1070 1087 1142 1118 est.
1174 1081 1342 1121 GUYET.
1371 1083 1467 1122 Non
1492 1091 1555 1124 est

74 1137 287 1186 glossema.
333 1135 439 1173 Nam
476 1149 559 1173 non
591 1135 713 1172 modo
750 1136 871 1173 etiam
913 1136 972 1172 sic
1004 1150 1128 1187 supra
1156 1137 1226 1174 Bis
1249 1141 1396 1176 Aecus.
1429 1154 1461 1178 c.
1486 1142 1556 1186 35,

75 1190 98 1232 ὁ
126 1191 251 1245 μέγας
279 1192 321 1232 ἓν
350 1189 518 1244 οὐρανῷι
542 1186 642 1237 Zak-
665 1188 823 1241 πτηνόν
845 1186 960 1243 ἕρμα
989 1190 1171 1232 ἐλαύνων
1199 1193 1392 1246 φέρεται,
1420 1195 1492 1236 sed
1513 1205 1557 1236 et

74 1247 142 1286 hic
170 1247 377 1299 φέρεσθαι
412 1248 463 1285 ad
488 1261 652 1285 sensum
686 1249 938 1298 requiritur:
981 1249 1302 1287 construendum
1332 1253 1464 1300 enim,
1497 1249 1555 1302 οἷς

72 1303 231 1357 μᾶλλον
261 1304 432 1355 πρέπειν
464 1302 672 1344 volesne&
697 1303 791 1354 περῖ
819 1301 995 1344 σεαυτοῦ
1025 1301 1073 1343 τό
1099 1301 1225 1345 ἐκεῖνο
1255 1305 1335 1347 τοῦ
1365 1306 1555 1350 Πλάτω-

77 1377 166 1408 νος,
200 1360 412 1411 φέρεσθαι
435 1356 656 1400 ἐλαύνοντα
678 1355 836 1408 πτηνόν
861 1356 996 1412 ἅρμα.
1024 1360 1112 1398 Jam
1142 1374 1214 1411 age
1238 1364 1403 1402 omittas
1428 1365 1556 1419 φέρε-

75 1422 194 1465 σθαι,
224 1430 302 1453 uon
325 1416 505 1460 habebit,
537 1416 646 1452 unde
669 1416 844 1466 pendeat
868 1415 1122 1453 accusativus
1147 1413 1551 1463 giadvovam-rz.

184 1473 294 1513 Iz'acl.
320 1472 347 1512 Ι.
365 1473 403 1511 3.
430 1466 681 1523 Παῦσομαι)
709 1471 823 1509 Haec
851 1474 1071 1510 Lacianus
1091 1472 1343 1514 Rhetoricae
1370 1477 1453 1529 jam
1477 1492 1556 1518 va..

69 1529 263 1567 ledicens.
297 1530 456 1566 SoLAN.
776 1553 779 1557 ·

188 1585 296 1624 Eud.
327 1585 352 1620 1.
387 1586 426 1624 4.
482 1578 759 1634 Ἐπιπολάζ)
807 1578 1089 1630 Ἐπιπελοῖζων
1134 1585 1277 1625 forsan
1320 1587 1556 1639 legendum.

75 1641 246 1680 GUYizr.
285 1640 420 1677 Nemo
461 1641 725 1689 assentiatur,
764 1641 834 1692 qui
875 1641 1040 1692 quidem
1088 1643 1282 1681 Luciano
1321 1644 1376 1683 sit
1414 1648 1554 1699 paullo

71 1696 329 1735 familiarior.
358 1697 505 1737 me,

185 1754 294 1791 [bid.
321 1748 604 1805 Ἀσύμβολος)
644 1754 704 1789 lta
731 1753 781 1790 V.
807 1763 844 1792 2.
874 1757 998 1790 recte.
1058 1753 1108 1790 In
1135 1755 1305 1806 reliquis
1336 1751 1557 1811 α’σῦμβου..

75 1813 156 1856 λος.
185 1811 342 1846 ὃοΙ,ΛΝ.
407 1810 647 1845 versionem
674 1809 846 1846 Gesner-h·
870 1809 920 1846 ad
946 1809 1154 1860 vulgatum
1175 1807 1438 1865 α’σύμβουλος
1467 1829 1556 1854 esse

74 1868 248 1912 sactum,
289 1865 460 1916 quilibet
492 1864 626 1901 videt:
666 1878 741 1901 nec
771 1878 844 1914 ego
885 1879 970 1902 eam
1004 1866 1246 1916 immutavi3
1282 1869 1351 1905 sed
1377 1871 1556 1909 alterum

73 1922 212 1974 potius
243 1935 328 1958 esse
359 1919 558 1967 credens,
602 1921 682 1972 jam
712 1927 937 1969 verterem,
975 1924 1049 1973 qai
1072 1931 1206 1960 vestra
1233 1925 1292 1961 acl
1314 1926 1432 1963 illam
1462 1941 1556 1978 spe·

74 1983 206 2026 ctata,
249 1977 293 2022 (i.
315 1991 350 2015 e.
376 1991 468 2013 cum
489 1977 588 2026 illa)
627 1971 853 2014 conciliare
882 1991 1097 2029 nequeant.
1142 1973 1406 2032 Ἀσῦμβολος
1444 1984 1555 2022 enim

77 2048 100 2071 a
128 2030 414 2084 συμβάλλομαι
438 2033 641 2080 censio-cb,
661 2031 728 2069 hic
749 2039 819 2080 est,
845 2034 914 2084 qui
937 2035 1180 2082 conjectura
1195 2035 1364 2088 adsequi
1385 2040 1556 2090 nequit;

79 2096 120 2127 et
149 2090 245 2126 licet
272 2085 534 2141 α’σύμβουλος
562 2101 724 2138 quoque
752 2089 904 2126 bonum
941 2094 1066 2136 esset,
1093 2090 1128 2127 si
1151 2091 1282 2129 solum
1312 2101 1554 2143 poneretur,

77 2151 211 2183 tamen
243 2143 351 2181 haud
381 2144 605 2195 adsequor,
633 2157 713 2194 quo
745 2144 866 2182 modo
898 2158 989 2182 cum
1017 2139 1122 2196 πρὸς
1150 2143 1280 2196 αὐτὴν
1307 2154 1348 2185 et
1376 2145 1554 2202 ὑμέτεροι

77 2201 260 2238 construi
285 2201 441 2252 possit;
469 2200 563 2237 ideo
590 2199 632 2236 id
660 2201 830 2252 arripui,
859 2199 968 2252 quod
988 2199 1188 2252 intelligo.
1215 2204 1370 2244 Rmrz.
1390 2201 1555 2258 Ἀσύμ-

77 2260 227 2310 βουλος
256 2256 454 2293 tuendum
495 2256 699 2300 arbitror,
740 2257 834 2308 quia
864 2257 1033 2294 consilia
1062 2260 1247 2297 continet
1276 2259 1344 2297 hic
1374 2262 1553 2308 libellus,

77 2314 235 2350 ironica
274 2313 343 2349 illa
383 2311 572 2363 quidem,
613 2311 663 2349 de
699 2313 831 2363 gloria
873 2313 974 2350 artis
1019 2315 1224 2352 oratoriae
1252 2320 1555 2369 consequenda.

75 2369 153 2406 His
191 2369 371 2405 consiliis
402 2381 446 2405 se
480 2381 648 2405 usurum
688 2375 808 2419 negat
836 2370 1070 2408 Lucianus.
1126 2371 1268 2409 Potest
1296 2371 1390 2410 ficta
1426 2375 1474 2412 ab
1504 2390 1553 2414 eo

77 2438 161 2462 vox
193 2437 301 2462 esse:
328 2430 460 2474 potest
486 2425 608 2461 ctiam
634 2431 829 2476 usurpata
858 2425 971 2468 aliis,
1013 2425 1084 2463 sed
1111 2425 1294 2465 nondum
1327 2430 1444 2468 nobis
1475 2433 1554 2468 ob-

77 2487 261 2519 servata:
305 2493 395 2518 nam
429 2479 537 2530 quod
567 2481 673 2531 apud
701 2483 917 2518 Pollucem
946 2481 1121 2531 legitur,
1148 2483 1256 2521 illud
1278 2485 1446 2524 videtur
1477 2501 1555 2537 po-

75 2538 158 2574 fius
190 2550 275 2573 esse
303 2533 546 2588 α’σύμβολος.
583 2537 718 2574 ΟΕεΝ.
776 2537 1030 2576 Reddiderat
1058 2540 1286 2578 Gesnerzcs:
1318 2543 1393 2592 qui
1413 2544 1552 2579 consi-

77 2594 148 2630 liis
170 2594 228 2630 acl
249 2607 338 2629 eam
359 2593 620 2630 obtinendam
638 2595 783 2631 vestris
804 2596 868 2631 uti
887 2607 968 2630 non
987 2597 1159 2644 possim.
1211 2595 1335 2644 Quod
1364 2597 1431 2634 vel
1453 2611 1552 2647 pro-

76 2655 217 2699 pterea
250 2648 489 2686 mutandum
521 2655 628 2696 crat,
657 2649 767 2700 quod
795 2663 879 2687 non
908 2651 1178 2689 conveniebat
1205 2665 1299 2688 cum
1328 2653 1552 2689 Reitziano

78 2701 324 2758 ἀσύμβολος.
383 2704 472 2755 Ego
505 2705 630 2755 igitur
666 2704 769 2743 hanc
809 2706 930 2742 unice
960 2719 1098 2744 veram
1124 2706 1342 2744 lectionem
1368 2720 1451 2744 non
1484 2723 1554 2745 so-

78 2761 164 2798 lum
202 2762 440 2813 amplexus,
480 2759 552 2798 scd
592 2760 716 2799 etiam
754 2761 1049 2814 interpretatus
1078 2774 1193 2810 sum,
1235 2760 1360 2813 idque
1387 2762 1437 2800 ad
1467 2777 1555 2801 eam
