1819 3198
351 237 414 267 IN
457 234 802 267 mumolum
848 210 1357 268 PRAECEPTonEM.
1491 226 1589 269 535

120 336 231 390 quod
263 336 444 375 noudum
473 342 608 374 totum
638 351 746 376 κατα
773 335 868 386 γαΐα
897 330 1084 387 κάλυψε,
1109 335 1179 387 qui
1208 337 1380 386 nesciat,
1420 339 1595 388 piimam

118 401 249 431 artem
286 407 374 431 esse
411 398 697 439 contemnere,
739 391 876 430 facilia
920 393 1044 430 nimis
1082 392 1241 440 dicere,
1276 407 1376 443 qnae
1406 395 1485 444 ipsi
1517 408 1593 432 ne-

117 451 269 487 sciant:
327 449 504 500 postulat
549 447 627 485 hoc
675 448 1006 499 supplementum
1058 462 1229 499 s‹quens
1268 448 1590 500 Suqmfftcffaewoe.

118 506 253 555 Quam
277 505 469 555 imperite
498 503 656 542 divulsa
687 505 769 541 sint
797 500 940 544 αὐτῶν
979 511 1020 541 et
1049 505 1276 555 ἑλομένων,
1317 507 1371 542 ita
1403 514 1589 555 apertum

114 561 218 599 mihi
258 561 497 609 videbatur,
536 566 582 597 ut
619 561 854 598 reverentia
891 561 1061 611 quadam
1102 562 1302 597 lectorum
1334 561 1433 598 nihil
1467 576 1511 598 ea
1536 562 1587 600 de

112 631 160 656 re
187 617 406 655 dicendum
432 623 584 667 putem.
625 615 706 653 Sed
736 616 908 653 admissa
937 617 1064 654 semel
1086 631 1210 667 prava
1240 615 1585 668 interpunctione,

112 674 184 714 καῖ
212 674 254 711 in
284 673 325 713 δὲ
354 673 481 711 facile
506 672 618 709 abiit.
677 668 879 720 ,Μελήσας
905 685 955 709 au
982 673 1067 710 ullo
1098 673 1218 710 modo
1245 672 1326 710 huc
1357 674 1585 722 conveniat,

111 729 232 768 valde
268 729 434 777 dubit03
479 724 684 780 μελλήσας
723 735 865 778 aptum
906 742 1012 777 esse,
1054 735 1234 779 apparet.
1303 728 1463 767 Rhetor
1500 743 1585 768 non

109 785 314 838 permittit
342 785 508 836 longum
540 783 793 822 deliberandi
817 784 992 835 spatium
1020 785 1288 833 auditoribus,
1315 786 1383 822 sed
1416 785 1585 823 sortiter

109 847 285 893 occupat
311 847 622 892 argumentum,
655 839 705 877 de
736 854 818 894 quo
843 841 933 890 ipse
964 842 1119 878 mavult
1148 841 1299 880 dicere.
1356 841 1432 879 Cui
1465 855 1509 880 ue
1537 843 1583 880 in

107 910 152 950 γε
182 903 384 935 mutatum
413 897 604 934 audacius
630 896 821 941 videtur,
850 897 966 934 illum
996 911 1117 947 rogo,
1143 898 1204 934 uti
1237 912 1303 935 me
1330 897 1484 945 doceat,
1514 911 1583 934 ec·-

109 953 208 1004 quid
235 952 368 1003 possit
391 967 435 992 κε
465 959 557 1004 post
588 967 676 1000 κεν,
706 953 921 1004 proximae
939 954 1029 990 voci
1055 953 1279 1004 adjectum,
1308 955 1484 991 orationi
1506 954 1583 990 ad-

109 1010 243 1046 dere?
279 1010 470 1061 Denique
494 1008 606 1062 ῥῆμα
637 1022 727 1046 esse
757 1009 1054 1047 nominativum
1085 1023 1238 1057 casum,
1269 1015 1309 1046 et
1336 1011 1384 1045 ab
1411 1009 1480 1048 ἐπὶ
1510 1023 1582 1047 re-

106 1066 147 1115 gi
187 1063 393 1116 γλῶτταν,
434 1065 558 1102 dubio
590 1071 715 1104 caret.
773 1066 992 1116 Superest,
1032 1071 1078 1102 ut
1108 1065 1175 1106 ἒπῖ
1204 1065 1251 1102 ad
1289 1063 1474 1116 γλῶτταν
1505 1065 1580 1102 ad·-

106 1127 336 1162 moveatur.
396 1121 758 1170 Quemadmodum
785 1135 869 1158 non
897 1122 1050 1166 ausim,
1083 1121 1161 1160 nisi
1187 1120 1496 1170 suffragantibus
1523 1122 1580 1158 li-

105 1177 213 1224 bris,
251 1185 320 1214 aut
349 1191 432 1215 uno
463 1184 576 1215 certe
606 1179 799 1228 antiquo,
831 1178 985 1224 verba,
1021 1190 1124 1228 quae
1155 1178 1370 1227 proposui,
1401 1177 1442 1214 in
1474 1191 1578 1214 con-

103 1239 265 1270 textum
296 1234 490 1271 orationis
522 1236 710 1270 Luciand
737 1232 919 1281 reserre3
959 1233 1017 1269 sic
1048 1246 1128 1270 non
1156 1238 1320 1281 metuo,
1361 1247 1413 1270 ne
1442 1235 1578 1271 redux

105 1290 154 1326 ab
178 1289 323 1327 inseris
356 1290 643 1327 samosatenus
672 1295 835 1334 noster,
873 1302 953 1326 non
980 1289 1091 1325 malit
1118 1289 1221 1339 legi,
1260 1289 1368 1340 quod
1399 1303 1471 1325 nos
1502 1289 1579 1326 de·-

104 1345 259 1392 dimus,
290 1359 408 1396 quam
437 1345 545 1396 quod
577 1345 708 1381 adhuc
740 1344 894 1383 editum
926 1351 999 1381 est.
1031 1344 1163 1381 GesN.
1231 1345 1343 1381 Scite
1373 1346 1576 1382 Gesner-us

102 1401 206 1450 egit,
246 1407 291 1437 ut
315 1402 440 1447 solet3
472 1407 512 1438 at
542 1401 815 1437 confidentius
842 1400 878 1436 li.
905 1401 930 1440 Ι.
960 1415 1078 1451 quam
1101 1401 1217 1441 solet.
1260 1401 1326 1437 De
1353 1401 1575 1437 inserendo

99 1452 248 1510 εὐχερῆ
274 1458 345 1494 vix
376 1457 564 1508 cuiquam
589 1457 856 1506 persuaserit;
885 1457 1124 1507 praesertim
1151 1470 1274 1507 quum
1303 1458 1471 1494 omnino
1494 1471 1577 1493 nou

100 1526 203 1563 opus
244 1513 298 1550 sit
337 1511 459 1562 hujus
498 1512 690 1549 dictionis
727 1513 962 1549 mutatione.
1031 1513 1079 1550 In
1116 1513 1298 1565 λεγέσθω
1346 1512 1483 1549 eadem
1517 1520 1578 1550 est

97 1569 183 1616 vis,
217 1582 318 1620 quae
347 1569 467 1605 modo
499 1569 541 1606 in
574 1568 722 1620 λέγειν,
749 1569 924 1605 vis'scil.
959 1569 1316 1621 1¹erbasaciemli,
1346 1575 1387 1605 et
1418 1567 1576 1619 ἐκφαυ-

97 1624 245 1672 λίζειν,
283 1634 527 1669 extenuare,
570 1624 771 1674 siguificat
799 1623 837 1661 h.
865 1624 893 1662 l.
924 1625 1100 1676 speciem
1136 1638 1231 1674 prae
1269 1638 1311 1661 se
1341 1626 1471 1671 serre,
1508 1626 1574 1661 si-

98 1681 256 1718 mulare
286 1680 422 1728 vultu,
460 1687 597 1730 gestu,
635 1694 754 1728 sono,
791 1694 835 1717 se
863 1694 982 1730 agere
1012 1681 1062 1717 de
1100 1695 1145 1718 re
1178 1681 1327 1732 pusilla
1352 1687 1392 1717 et
1419 1681 1573 1717 nullius

97 1750 259 1788 operae.
319 1736 531 1773 Sententia
566 1737 693 1787 igitur
722 1735 821 1774 haec
861 1744 940 1773 est:
978 1738 1044 1774 De
1065 1739 1242 1775 'nuceria
1274 1738 1570 1788 qualicunque,

96 1807 224 1844 quam
239 1795 535 1843 proposuerint
565 1793 668 1839 tibi,
689 1795 767 1829 etsi
784 1793 851 1829 wel
868 1795 1074 1830 maximae
1095 1795 1151 1830 sit
1172 1794 1459 1844 difficulccclis³
1491 1807 1571 1829 au—

95 1849 239 1886 dacter
264 1863 364 1899 age,
404 1857 443 1886 et
476 1856 651 1886 εῑσίρηιια
681 1863 793 1892 eccm,
829 1858 1032 1899 tanquam
1061 1849 1305 1886 lenden-sem
1337 1857 1375 1885 et
1404 1851 1570 1885 omnino

95 1906 185 1943 viro
208 1905 451 1956 indignam,
481 1905 509 1946 i,
541 1919 578 1942 e.
603 1905 820 1954 puerilem,
878 1905 945 1941 Sic
974 1904 1064 1941 sere
1086 1906 1208 1941 etiam
1239 1906 1348 1941 Gall.
1374 1902 1571 1954 Longius

93 1959 295 2012 judicasse
337 1960 503 1999 videtur
529 1959 708 1999 Dissers.
741 1959 846 1996 laud.
882 1973 923 2010 p.
947 1960 1013 1999 26.
1071 1961 1233 1998 Deinde
1260 1966 1373 1998 recte
1402 1961 1567 2012 quidem

93 2017 296 2066 ἑλομένων
333 2030 355 2053 a
399 2017 663 2068 sequentibus
699 2017 883 2053 avulsum
931 2030 1023 2053 cum
1061 2015 1397 2067 praecedentibus
1436 2016 1570 2065 jungit.

97 2072 310 2109 Ges-news.
369 2073 449 2110 Sed
483 2073 636 2109 rectius
677 2071 786 2108 haud
825 2072 949 2109 dubie
989 2078 1028 2109 et
1070 2072 1231 2109 facilius
1272 2085 1292 2108 e
1318 2073 1492 2122 vulgatis
1525 2071 1568 2112 δὲ
1608 2110 1613 2117 ,

95 2122 155 2178 μῆ
187 2127 232 2164 fit
255 2125 366 2178 μηδὲ,
396 2142 514 2179 quam
538 2127 608 2168 καὶ
625 2122 703 2178 μή,
735 2128 973 2178 praesertim
993 2141 1119 2178 quum
1139 2127 1263 2178 μηδὲν
1287 2129 1328 2165 in
1357 2128 1565 2165 nonnullis

94 2183 211 2221 libris
230 2184 473 2234 reperiatur.
510 2184 576 2220 De
597 2179 795 2234 μελλήσας
825 2198 898 2234 pro
920 2180 1102 2235 μελήσας
1125 2183 1412 2221 substituendo
1442 2197 1563 2220 nemo
1619 2193 1621 2196 ⁴

95 2239 320 2287 dubitabit,
348 2241 416 2291 qui
447 2241 687 2290 praesertim
710 2239 936 2278 contulerit
963 2241 1098 2277 locum
1125 2240 1273 2277 Abdic.
1298 2254 1332 2277 e.
1360 2242 1398 2279 5.
1428 2239 1567 2291 ibique

93 2302 245 2333 notata.
304 2296 497 2348 Denique
536 2309 637 2334 ,vcro
677 2296 719 2332 in
747 2296 1009 2346 sequentibus
1041 2296 1177 2334 verbis
1217 2295 1443 2334 formandis
1471 2309 1566 2343 non,

95 2351 238 2398 credo,
290 2351 391 2389 adeo
432 2366 475 2389 se
518 2352 703 2389 torsisset
740 2352 965 2399 Οεεηενιιε,
1011 2352 1046 2390 si
1093 2365 1252 2390 memor
1299 2352 1447 2390 suisset
1484 2352 1566 2389 loci

97 2407 249 2456 Quom.
282 2409 391 2447 Hist.
429 2407 598 2448 Conscr.
632 2421 664 2445 c.
688 2408 753 2446 32.
791 2408 862 2445 ubi
899 2407 1008 2445 idem
1041 2408 1305 2459 proverbium
1343 2408 1564 2459 eademqne

93 2476 224 2515 prope
267 2477 358 2501 cum
389 2464 614 2501 variatione
650 2464 848 2501 librorum
886 2464 1055 2514 legitur,
1097 2465 1251 2514 etipse
1281 2465 1482 2502 Gesner-us
1513 2463 1564 2499 de

91 2533 195 2558 voce
245 2520 510 2557 insolentiore
553 2516 778 2571 ἀκαιρίμαν
825 2521 919 2557 satis
972 2534 1067 2558 sana
1117 2526 1269 2561 monet.
1347 2519 1429 2557 Sed
1472 2519 1564 2556 vide

95 2576 264 2613 omnino
290 2576 374 2613 illic
405 2582 554 2613 notata.
597 2576 790 2612 Ceterum
820 2576 941 2613 ctiam
971 2576 1173 2613 Belinus
1163 2590 1204 2615 ιιι
1226 2590 1333 2615 vers,
1353 2576 1431 2613 hoc
1462 2589 1565 2625 pro-

92 2632 281 2671 verbium
309 2632 359 2668 ad
383 2632 517 2669 locum
547 2632 665 2669 modo
692 2631 897 2669 laudatum
927 2631 1207 2683 retingendum
1232 2634 1405 2682 putavit.
1427 2631 1566 2667 ΙΛ-ΛιΜ.

95 2742 136 2782 G
207 2688 313 2728 Ead.
334 2687 360 2725 l.
384 2688 423 2730 ὅ
452 2684 694 2740 Ελομένων)
732 2682 949 2741 ’.Ελόμενος
979 2689 1124 2739 legisse
1152 2688 1318 2728 videtur
1350 2689 1565 2739 interpres.

142 2756 266 2783 unz·-
