1819 3198
456 249 526 281 IN
590 244 1237 298 ICIAROMENIPPUM.
1485 233 1587 298 383

111 355 278 407 Gregor.
312 350 410 393 Cor.
435 364 475 404 p.
514 347 607 390 146.
635 346 712 387 Ed.
743 343 882 386 Schaf.
915 351 958 385 et
981 345 1177 398 interprr.
1205 351 1248 384 et
1276 346 1402 395 Benj.
1427 348 1589 387 Weisk.

108 411 337 450 Pleonasm.
367 408 442 449 Gr.
469 421 509 460 p.
542 405 634 446 106.
665 419 725 457 sq.
754 404 905 455 LEnM,

221 466 329 504 End.
363 465 390 503 1.
422 463 460 505 6.
504 457 772 510 Φιλόκαινον)
812 459 951 501 schol.
997 458 1099 497 Coll.
1130 464 1170 497 et
1195 458 1260 496 Fl.
1289 457 1368 496 Ed.
1402 459 1466 497 uti
1494 473 1592 498 sen-

108 523 239 562 tentia
267 521 496 560 necessario
525 519 716 570 postulat.
758 517 962 554 Exsulare
989 515 1128 567 itaque
1155 515 1348 566 jussimus
1377 516 1591 566 vulgatum

111 575 359 632 φιλόνεικον.
398 578 560 615 SOLAN.
623 573 800 623 Nescio,
840 573 929 625 quis
970 572 1083 610 locus
1130 569 1199 609 hic
1244 585 1335 609 esse
1375 573 1503 623 possit
1541 571 1591 626 τῇ

110 635 345 688 φιλονεικίᾳ.
387 631 684 679 Φιλοκαινίαν,
715 644 918 668 novarum
944 643 1078 666 reram
1107 627 1291 665 stadium
1324 627 1591 679 reprehendi,

109 697 291 743 apparet.
330 691 468 741 Atque
490 689 549 726 ita
571 689 866 739 interpretatus
903 699 1004 723 sum.
1045 685 1124 722 Vel
1146 683 1218 732 sic,
1250 684 1318 722 vel
1341 685 1592 737 φιλοκενίαν,

108 747 193 798 legi
224 747 358 786 voluit
384 746 577 783 Solanus.
620 744 752 782 Dedit,
781 743 889 781 enim
919 743 1139 780 levitatem.
1175 738 1308 778 GEsN.

223 802 330 841 Ead.
368 801 396 840 1.
440 802 477 839 8.
534 797 687 842 Πάντα
728 795 836 847 ὅλως
883 793 935 849 ἦν
974 792 1074 850 ἐγώ)
1112 794 1319 849 Exempla
1357 795 1479 850 hujus
1518 797 1587 835 loa

108 859 306 905 cationis,
336 871 442 910 quae
470 857 594 895 etiam
618 863 679 894 est
707 856 751 893 in
778 856 811 894 Ι.
836 856 967 907 Epist.
992 854 1052 891 acl
1076 853 1264 894 Corinth.
1287 854 1386 903 XV,
1414 856 1482 894 28.
1513 853 1593 892 de..

110 915 175 954 dit
201 917 237 953 J.
266 916 425 953 Elsner.
456 914 631 952 Observ.
664 912 717 952 T.
736 906 795 951 ἶΙΙ.
825 926 862 964 p.
893 926 946 949 m.
981 910 1069 949 126.
1096 909 1251 948 Rmrz‘.

224 972 332 1009 Ead.
352 971 391 1011 ’1.
405 983 444 1022 9.
459 969 625 1011 Meam?
646 967 688 1009 δὲ
710 964 837 1019 Aede)
852 968 971 1009 Arat.
991 981 1029 1006 v.
1043 979 1080 1007 2.
1095 966 1255 1004 SOLAN.
1289 965 1448 1005 Confer
1466 976 1595 1018 supra

111 1027 163 1066 ad.
190 1026 404 1066 Prometh.
434 1041 470 1068 c.
507 1027 568 1064 14.
599 1025 751 1063 Rffl‘rz.
794 1032 805 1046 ²

223 1084 331 1121 Ead.
361 1084 391 1124 1.
420 1084 483 1123 13.
521 1077 732 1129 Λυνατόν)
759 1075 817 1122 Τὸ
843 1073 899 1131 ἦν
926 1078 1267 1121 subaudiendum.
1323 1077 1593 1117 An'librario

111 1139 271 1179 excidit
295 1138 631 1177 restituendum?
660 1138 830 1176 GUYET.

223 1196 331 1234 Ead.
358 1196 385 1234 1.
410 1192 575 1237 14.-Ἐν
598 1189 829 1248 Περγάμῳ)
841 1191 950 1230 Vide
963 1193 1155 1230 Pansam.
1174 1200 1218 1243 p.
1235 1191 1324 1231 160.
1348 1191 1409 1230 16.
1431 1191 1593 1233 SOLAN.

223 1253 332 1290 Ead.
372 1253 399 1291 1.
436 1250 498 1291 15.
543 1250 802 1301 Βενδίδειον)
845 1250 937 1286 Dea
973 1247 1153 1286 Thracia
1181 1247 1480 1295 Bendi33‘vide
1503 1248 1595 1286 Jov.

110 1308 236 1360 Trag.
268 1323 301 1346 c.
333 1314 371 1356 8.
399 1307 640 1359 Hesychius
667 1307 838 1344 eandem
868 1319 962 1343 cum
992 1305 1126 1342 Diana
1156 1305 1271 1347 facit.
1315 1304 1426 1343 Vide
1454 1304 1595 1346 Str-alr.

111 1364 188 1402 IX.
221 1365 277 1405 X.
311 1378 399 1416 pag.
432 1363 525 1413 471.
560 1370 601 1401 et
631 1364 777 1401 Proel„
797 1363 841 1399 in
873 1357 981 1400 Tim.
1012 1359 1041 1400 Ι.
1070 1360 1269 1400 de‘sestis
1299 1361 1399 1413 ejus.
1455 1359 1595 1399 Athe-
1659 1408 1661 1410 r

109 1420 174 1459 nis
202 1422 326 1459 etiam
356 1421 580 1459 colebatur.
607 1420 715 1458 Xen.
744 1414 852 1459 Ἐλλ.
872 1412 922 1465 β’.
954 1430 997 1467 p.
1023 1429 1116 1467 277·
1145 1418 1208 1458 14.
1238 1418 1399 1455 SOLAN.

222 1478 334 1517 Ead.
358 1479 383 1516 l.
411 1474 473 1518 16.
505 1473 807 1528 Ἀνουβείὸιον)
838 1473 956 1513 Ν11111
983 1474 1144 1511 variare
1165 1472 1270 1511 Edd.
1306 1480 1423 1512 notat
1449 1474 1592 1512 Solan.

110 1533 267 1585 quare?
310 1534 464 1571 Forsan
507 1534 602 1584 quia
639 1532 737 1570 alias
779 1531 904 1569 etiam
942 1525 1210 1585 'Ayovsst'b'cov
1245 1531 1446 1569 invenias.
1512 1528 1596 1569 Sed

107 1585 395 1641 Ἀνουβείὸιον
435 1589 556 1627 etiam
593 1602 721 1640 ⁴supra
760 1588 869 1625 Tox.
909 1601 944 1624 c.
974 1588 1039 1625 28.
1077 1586 1232 1626 R'Er'r'z.
1290 1585 1349 1624 At
1389 1587 1476 1625 illic
1511 1588 1597 1639 jam

108 1652 368 1690 correctum,
401 1651 450 1682 ut
477 1658 552 1695 par
572 1650 683 1694 erat‚'
710 1640 1004 1698 Ἀνουβίδειον·
1033 1642 1130 1682 Vid.
1154 1636 1330 1684 Lobeek.
1356 1642 1406 1681 'ad
1433 1643 1598 1695 Phryn-

109 1715 150 1754 p.
180 1702 278 1752 372.
309 1708 351 1740 et
380 1715 480 1754 quos
510 1701 650 1739 laudat
677 1701 821 1741 Ja'cob.
849 1700 898 1738 ‘ad
928 1701 1086 1738 Toxar.
1118 1713 1156 1752 p.
1188 1713 1278 1740 101-
1307 1700 1453 1739 ant.

225 1760 338 1810 Pctg.
361 1760 429 1799 33.
452 1758 478 1795 1.
507 1771 541 1796 1.
569 1754 669 1798 Ἐπὶ
692 1755 846 1808 ταῦτα)
875 1753 1051 1803 Τούτοις
1074 1758 1195 1794 etiam
1225 1770 1350 1808 marg.
1374 1757 1425 1794 A.
1453 1769 1487 1797 1.
1516 1755 1600 1795 Sed

109 1815 271 1869 quoties
311 1816 398 1867 ejus
437 1815 561 1853 lectio
590 1813 800 1852 consen'tit
839 1827 932 1852 cum
963 1812 1050 1858 ΡΛ,
1081 1813 1263 1864 suspicio
1302 1812 1405 1850 mihi
1433 1819 1514 1862 est,
1553 1811 1600 1851 id

108 1872 318 1911 varietatis
347 1885 401 1909 ex
429 1871 518 1923 ipsa
547 1873 612 1912 Fl.
642 1870 888 1918 desumtum,
923 1869 1017 1922 quia
1044 1869 1220 1907 subinde
1249 1868 1433 1907 additum
1461 1869 1597 1919 video,

107 1927 154 1967 id
181 1927 279 1966 inde
310 1941 400 1966 esse
429 1928 629 1977 petitum3
659 1940 785 1980 quare
813 1932 953 1980 postea
984 1926 1026 1964 in
1055 1925 1135 1964 hoc
1172 1925 1284 1966 Dial.
1315 1926 1414 1964 talia
1444 1927 1489 1964 in
1520 1939 1598 1965 va-

108 1986 247 2025 riantt.
280 1998 366 2023 non
401 1985 754 2034 commemorabo,
794 1997 898 2036 quae
940 1983 1001 2020 bis
1039 1981 1152 2021 idem
1194 1981 1351 2020 dicunt.
1412 1982 1599 2021 Sufficiat

108 2042 309 2080 lectorem
354 2040 482 2078 semel
521 2041 751 2084 monuisse,
791 2039 994 2092 quidquid
1034 2039 1102 2080 Fl.
1139 2036 1345 2089 singulare
1372 2036 1523 2087 habet,
1552 2036 1600 2076 id

109 2096 179 2136 hic
214 2096 388 2147 margini
427 2094 524 2133 huic
563 2097 685 2134 etiam
716 2094 902 2134 adlitum.
962 2094 1048 2133 Ubi
1086 2100 1223 2132 autem
1254 2108 1348 2133 cum
1378 2094 1431 2135 al.
1463 2093 1597 2134 Codd.

109 2153 319 2192 consentit
347 2165 486 2203 margo
517 2151 683 2201 eadem,
722 2158 793 2189 aut
829 2152 902 2190 ubi
929 2150 1030 2204 quid
1056 2150 1158 2190 novi
1184 2149 1348 2202 adfert,
1375 2150 1419 2189 id
1447 2147 1601 2190 addere

113 2206 225 2248 haud
256 2208 456 2259 negligam
486 2222 680 2260 unquam.
708 2205 866 2249 RmTz.

220 2266 331 2304 Eacl.
371 2265 401 2304 1.
431 2277 472 2303 2.
505 2258 776 2317 Ἑκατόμβας
810 2260 1088 2317 παριστᾶσιν)
1133 2262 1322 2302 Verbum
1351 2262 1434 2302 hoc
1469 2262 1598 2302 usitaz

113 2327 199 2362 tum
227 2334 315 2359 esse
343 2321 387 2359 in
417 2320 655 2369 sacrificiis,
689 2321 879 2373 pluribus
914 2321 1061 2372 pxobat
1087 2333 1207 2372 saepe
1233 2322 1314 2373 jam
1343 2320 1529 2360 laudatus
1557 2319 1597 2360 J.

109 2379 290 2418 Elsnerr
303 2376 355 2416 ad
382 2378 516 2418 Rom„
540 2376 642 2428 Xll,
675 2390 713 2418 1.
773 2376 860 2416 Ubi
890 2375 1013 2430 hujus
1050 2375 1253 2416 Lucianei
1283 2390 1368 2416 non
1396 2383 1458 2417 est
1485 2372 1597 2421 obli-

108 2439 190 2475 tus.
221 2435 378 2472 R131Tz.

223 2491 332 2531 Ead.
362 2489 391 2531 l.
423 2490 459 2528 3.
505 2484 590 2532 Λιοῖ
632 2487 754 2531 πέντε
783 2484 890 2531 ὅλων
927 2485 1051 2544 ἐτῶν)
1088 2489 1157 2529 De
1186 2503 1235 2530 ea
1270 2488 1409 2543 phrasi
1438 2487 1597 2527 dictum

116 2551 179 2586 est
206 2547 256 2585 ad
288 2549 352 2585 De
378 2547 532 2585 Sacriff.
567 2561 601 2587 c.
639 2560 700 2585 11.
733 2547 896 2588 SOLAN.

221 2605 329 2645 Eacl.
370 2603 397 2642 l.
437 2603 477 2643 6.
517 2601 681 2651 ”Λττα)
719 2603 810 2642 Etsi
853 2599 940 2656 ἆμά
981 2603 1217 2642 verosimile
1260 2608 1341 2651 est,
1377 2599 1483 2639 nihil
1527 2605 1596 2637 ta-

114 2671 209 2696 men
240 2660 410 2705 mutavi,
442 2659 536 2712 quia
556 2665 597 2698 et
626 2660 801 2697 alterum
832 2660 991 2699 Nostro
1021 2660 1321 2711 frequentatur.
1353 2656 1448 2695 Vid.
1470 2669 1597 2706 supra

114 2714 222 2753 Tim.
255 2728 288 2752 c.
310 2718 378 2757 28.
407 2717 533 2768 Imag.
563 2730 599 2756 c,
629 2715 689 2756 15.
720 2716 900 2768 Lexiph.
925 2731 957 2755 c.
981 2717 1017 2754 5.
1045 2715 1170 2756 Rhet.
1200 2730 1233 2753 c.
1262 2716 1418 2756 16.etc.
1442 2712 1594 2753 mez.

229 2771 337 2809 Ead.
376 2772 403 2810 1.
434 2784 498 2814 10.
527 2773 729 2820 Καθίσας
765 2768 840 2814 οὖν
870 2768 1024 2815 ἑαυτόν
1049 2771 1118 2812 ἐπὶ
1157 2770 1233 2823 τῆς
1261 2765 1449 2824 πρώτης)
1490 2768 1595 2806 Cum
