1819 3198
478 257 1254 292 INICAROMENIPPUM.
1513 249 1612 295 377

248 363 358 413 Pag.
389 360 581 403 24.1,1.
612 357 771 413 ”Αχρις
799 355 882 408 αν)
927 357 1004 400 le.
1032 359 1154 411 Mag.
1184 358 1467 409 Thucydidem
1500 377 1613 402 sem-

140 433 211 471 pel
240 416 365 471 ἄχρι,
405 431 487 455 11011
528 413 654 469 ἄχρις
684 418 821 454 dicere
851 420 982 455 notat.
1044 413 1303 467 Improbat
1283 414 1404 470 α’χρις
1432 432 1506 469 pro
1537 421 1614 456 clo-

139 491 211 513 rzec·
240 478 358 513 etiam
388 474 618 524 Plztjynicmlz
678 472 758 510 Sed
788 471 868 509 vid.
899 485 1002 524 quae
1028 478 1173 510 contra
1198 471 1316 509 illum
1345 480 1534 512 notamus
1559 476 1612 514 ad

137 530 392 569 Tox.c.13.
424 529 481 567 Et
509 544 614 567 anne
631 543 731 567 mox
755 523 979 581 ἐπᾴδοντες
998 541 1073 579 pro
1094 525 1166 568 οἷπ.
1190 528 1432 575 legendum
1419 529 1438 555 )
1459 531 1615 573 Rnirz

138 587 222 625 Vix
251 588 380 637 digna,
410 600 513 638 quae
536 586 806 637 respiciatur,
837 585 1084 636 conjectura.
1129 579 1386 637 Ἀποῖδοντις
1414 584 1457 625 h.
1481 587 1508 624 l.
1535 601 1616 625 ne·-

139 644 356 682 cessarium
395 649 484 680 erat
521 642 588 679 vel
628 643 680 680 ob
710 642 846 689 illam,
895 654 1016 692 quam
1058 639 1181 679 modo
1214 642 1465 691 legeramus,
1504 644 1615 682 vitae

138 700 337 738 humanae
373 696 677 749 ἀναρμοστίαν,
718 703 762 735 et
800 698 852 736 ob
886 710 935 734 ea
974 710 1076 748 quae
1105 697 1297 748 deinceps
1328 698 1617 750 sequebantur,

138 752 191 796 τοῖ
222 751 380 808 οἷπῳὸά.
440 756 662 805 Eleganter
695 755 817 792 etiam
859 751 1090 791 adhibitum
1124 754 1298 792 verbum
1340 750 1393 792 de
1429 755 1502 804 iis,
1544 758 1617 808 qui

136 813 350 850 confusam
381 817 423 848 et
450 811 763 862 incompositam
794 810 1039 847 cantilenam
1070 809 1289 848 decantant
1320 810 1390 861 ita,
1421 817 1469 850 ut
1494 825 1616 851 voces

138 868 248 906 inter
278 881 320 904 se
350 868 417 906 vel
446 868 626 905 maxime
656 866 877 904 dissonent.
904 866 1050 906 LEHM.

252 923 361 961 Eacl.
393 924 422 964 1.
457 936 493 964 2.
528 921 615 973 Τῆς
644 921 815 975 σκηνῆς)
849 920 1034 972 intellige
1063 921 1140 963 ’τοῦ
1165 920 1272 974 βῖου.
1305 922 1476 966 GUYET.

253 979 359 1018 Ead.
409 980 438 1022 1.
487 992 526 1034 9.
587 975 776 1030 Οἰνόην)
833 975 902 1018 Ad
947 978 1232 1018 Marathonem
1281 980 1404 1030 {urba
1457 982 1619 1024 Meurs.

138 1031 303 1077 SOLAN.

254 1091 363 1133 End.
401 1092 430 1130 1.
470 1105 532 1131 10.
564 1087 638 1133 *H
669 1088 902 1146 Ἀχαρνῇσι
930 1089 1093 1144 πλέθρα
1120 1088 1385 1142 κεκτῆσθαι)
1411 1091 1619 1131 Puerilem

139 1161 235 1186 sane
263 1149 420 1200 plagam
447 1156 659 1186 merentur
679 1149 943 1199 interpretes,
971 1149 1070 1186 licet
1098 1149 1181 1186 viri
1210 1148 1453 1197 doctissimi,
1480 1155 1620 1187 tamen

140 1206 355 1243 teterrime
401 1206 445 1242 in
487 1206 677 1243 omnibus
716 1203 935 1244 Edd.¹hic
983 1203 1034 1242 de
1073 1204 1302 1242 Acarnania
1350 1206 1622 1244 somniantes:

141 1268 333 1312 tanquam
354 1260 578 1308 Acharnae‚
607 1261 721 1312 regio
742 1260 916 1305 Attices,
946 1259 1047 1298 adeo
1075 1261 1321 1298 carbonibus
1348 1261 1432 1298 suis
1461 1261 1516 1299 sit
1545 1262 1623 1300 ob-

142 1331 287 1362 scura,
321 1323 366 1354 ut
399 1316 588 1355 debuerit
617 1318 666 1355 ab
705 1317 786 1354 illis
815 1316 1009 1368 ignorari.
1044 1316 1185 1356 GRON.
1241 1316 1352 1355 Vide
1375 1318 1541 1358 Meurs.
1571 1318 1624 1356 de

142 1374 246 1424 Pop.
278 1373 365 1414 Att.
422 1372 542 1412 Adde
574 1374 788 1412 Palfuerio
829 1373 1014 1425 Thucyd.
1042 1373 1121 1421 IV,
1154 1372 1220 1412 56.
1249 1374 1302 1412 V.
1347 1374 1469 1412 etiam
1498 1374 1625 1413 Gron.

138 1435 226 1471 not.
257 1430 418 1467 SoLAN.

252 1487 365 1537 Pag.
391 1484 458 1526 25.
479 1485 507 1526 l.
536 1499 571 1529 1.
593 1484 696 1528 Εἶτα
717 1482 794 1536 τήν
815 1485 1101 1537 Κυνοςουρίαν
1119 1487 1220 1534 etc.)
1247 1484 1385 1524 Prima
1406 1487 1532 1524 verba
1549 1486 1624 1524 in-

142 1549 392 1593 terpretatur
426 1542 629 1581 Erasmzcs
665 1545 812 1595 supine
840 1549 882 1582 et
915 1543 1027 1580 aliud
1059 1555 1201 1592 agenS‚
1238 1543 1306 1580 vel
1336 1549 1383 1580 ut
1411 1544 1492 1593 jam
1523 1543 1625 1590 dixi,

143 1597 275 1636 adhuc
305 1599 467 1649 juvenis
507 1606 545 1637 et
577 1599 759 1638 nondum
791 1599 841 1636 ad
875 1599 1038 1637 culmen
1072 1598 1317 1636 eruditionis
1344 1606 1534 1647 evectus,
1572 1600 1625 1637 ad

145 1654 256 1706 quod
284 1661 422 1705 postea
448 1656 658 1703 pervenit.
714 1656 821 1693 Nam
849 1656 894 1693 in
924 1655 1100 1706 proclivi
1130 1660 1219 1692 erat
1250 1655 1469 1693 emendare
1494 1661 1536 1694 et
1561 1656 1628 1694 le-

143 1724 240 1761 gere
270 1712 517 1763 Κυνουριαν,
548 1726 651 1764 quae
678 1712 759 1750 suit
783 1712 898 1803 regVio
917 1712 1029 1750 inter
1050 1711 1224 1762 Argivos
1246 1717 1288 1749 et
1305 1711 1490 1749 Laconas
1509 1726 1627 1750 sern-

142 1780 219 1829 per
249 1773 515 1805 controversa
545 1768 727 1818 leueycl.
757 1768 810 1808 L.
842 1767 890 1810 V.
919 1768 993 1808 και
1015 1765 1062 1808 τό
1087 1767 1162 1834 μὲν
1190 1782 1360 1833 πρωτον
1385 1770 1424 1809 οἱ
1449 1764 1630 1833 Αργεῖοι

141 1818 283 1871 ἠξίουν
311 1823 424 1872 δίκης
454 1820 689 1877 ἔπιτροπην
723 1824 844 1875 σφίσι
868 1820 1135 1894 yeve'619m371
1164 1823 1208 1871 ἐς
1238 1819 1357 1864 πόλιν
1385 1841 1505 1872 τινα,
1533 1822 1561 1876 ἢ
1584 1826 1630 1872 ἐς

145 1875 312 1928 ἰδιωτην
340 1881 436 1947 περὶ
464 1879 540 1931 τῆς
568 1881 808 1933 Κυνουριάς
836 1880 934 1935 γῆς,
964 1896 1018 1932 ης
1046 1877 1111 1922 ἀεὶ
1138 1880 1234 1934 πέρι
1260 1879 1527 1933 διαφέρονται
1551 1897 1629 1934 με-

143 1937 301 1987 θορίας
331 1933 467 1986 οὔσης.
526 1937 594 1975 De
624 1952 668 1975 ea
696 1951 842 1989 pugna,
864 1940 909 1976 in
937 1951 1017 1990 qua
1044 1943 1182 1975 tantus
1202 1937 1452 1988 Argivoxum
1479 1952 1630 1976 nume-

143 2006 216 2031 rus
247 1999 289 2030 et
314 1993 528 2032 Laconum
557 1993 728 2042 cecidit,
777 1993 949 2032 historia
986 2000 1086 2032 nota
1126 2000 1187 2031 est
1227 2007 1281 2031 ex
1318 1993 1518 2032 Strabone
1557 1995 1628 2032 lib.

144 2047 261 2089 VIII.
291 2062 345 2086 ex
368 2051 580 2088 Herodoto
604 2050 676 2090 lib.
698 2051 730 2088 I.
753 2050 986 2088 Plutarcho
1006 2051 1051 2088 111
1070 2050 1286 2102 paraileliS‚
1312 2055 1353 2087 et
1375 2050 1474 2087 aliis.
1489 2051 1629 2090 PALM.

142 2105 402 2156 Κυνουρίαν)
430 2106 561 2143 Recte
589 2105 827 2144 emendasse
856 2108 1119 2144 Palmerium
1149 2106 1413 2157 Κυνουρίαν,
1443 2106 1632 2144 adfirmat

145 2161 304 2198 Duker.
330 2160 381 2198 ad
413 2162 594 2211 lezccycl.
628 2161 698 2210 IV,
729 2161 796 2202 56.
855 2163 912 2199 Et
939 2164 1000 2200 sic
1031 2175 1195 2214 quoque
1219 2161 1517 2200 emendandum
1542 2176 1630 2200 esse

149 2215 403 2254 Scholiasten
436 2219 647 2265 Luc-iani,
682 2224 833 2255 monet.
892 2218 1069 2270 Ipseque
1107 2216 1189 2270 jam
1227 2223 1342 2255 recte
1370 2218 1413 2255 111
1447 2219 1631 2268 lezceycl.

147 2273 386 2323 Κυνουρίαν
412 2273 478 2310 edi
503 2274 673 2321 curavit,
703 2287 798 2312 cum
819 2274 887 2311 alii
913 2275 1112 2313 haberent
1138 2273 1413 2328 Κυνουργίας,
1442 2275 1512 2312 alii
1539 2280 1631 2316 Κυ-

147 2330 373 2380 νοςοι·ριάς,
432 2329 572 2378 Quare
602 2337 643 2367 et
672 2329 740 2367 hic
771 2331 981 2380 vulgatum
1014 2331 1115 2382 ejeci
1154 2330 1306 2368 Rssi'rz.

262 2386 370 2424 AEczcl.
415 2385 442 2426 1.
483 2386 522 2424 3.
570 2384 690 2433 Μιᾶς
728 2382 916 2440 ἡμέρας)
973 2387 1301 2425 Mantineensem
1340 2400 1516 2438 pugnam
1561 2387 1630 2425 111-

150 2441 254 2488 nuit,
285 2441 334 2479 de
365 2455 442 2492 qua
478 2441 661 2491 Thur-yse.
693 2443 747 2488 V,
774 2442 840 2482 40.
866 2450 906 2481 et
934 2456 1047 2495 seqq.
1071 2443 1123 2481 V.
1149 2443 1271 2481 etiam
1301 2442 1480 2483 Charon.
1500 2458 1533 2480 c.
1561 2441 1624 2483 24.

151 2498 311 2538 SOLAN.
369 2497 475 2535 Vide
513 2498 648 2548 potius
689 2500 888 2539 lieroclot.
918 2497 956 2547 1,
988 2503 1054 2537 82.
1089 2505 1130 2536 et
1161 2512 1261 2550 quos
1290 2499 1391 2537 alios
1421 2499 1542 2545 huius
1570 2500 1632 2538 rei

150 2559 277 2592 testes
312 2553 565 2604 collegerunt
595 2554 948 2592 commentatores
974 2556 1023 2593 ad
1052 2554 1230 2598 Charon.
1256 2569 1291 2594 e.
1321 2557 1390 2594 24.
1419 2554 1632 2595 Tom.111.

151 2623 192 2660 p.
224 2611 317 2658 477.
351 2623 409 2660 sq.
465 2610 558 2647 Hoc
592 2610 847 2660 Thucydidis
874 2612 966 2651 loeo
996 2613 1222 2650 leviuscule
1262 2612 1448 2662 inspecto
1479 2613 1635 2650 erravit

153 2666 331 2715 graviter
353 2667 532 2703 Salanus
553 2664 603 2702 de
629 2666 906 2704 Mantineensi
934 2682 1065 2719 pugna
1092 2670 1288 2717 cogitans,
1317 2667 1518 2718 siquidem
1547 2682 1634 2706 eam

157 2721 339 2769 volebat,
385 2722 428 2758 in
469 2736 546 2772 qua
587 2722 890 2771 Epaminondas
930 2724 1092 2765 cecidit.
1161 2724 1345 2775 Turpius
1375 2723 1496 2760 ctiam
1523 2723 1633 2762 hunc

156 2790 336 2815 errorem
368 2778 537 2829 1epetiit
567 2778 826 2817 Gestat-scius.
855 2779 1002 2820 Leuat.
