1819 3198
683 280 1116 314 senozxA.
1523 272 1631 316 -331

159 385 182 429 ω’
211 379 542 437 Λακεδαιμόνιος
585 380 655 422 ε’πῖ
689 376 827 437 χώρας
867 382 1031 433 μείνας,
1077 397 1124 423 το
1175 378 1422 432 νενικηκέναι
1469 381 1637 438 ε’κρίθη,

159 441 362 498 Αργείων
389 456 448 488 ως
479 434 719 502 φυγόντων
726 437 1076 503 uaraupcervzwv
1098 438 1154 477 V.

272 498 437 537 Eadl.
466 507 503 535 2.
542 492 719 546 φακοῦ
755 488 1187 547 πλατύτερονλτ>]
1222 489 1431 547 Φακὸςῖ)
1461 490 1485 535 ὅ
1513 490 1636 548 ω’μός

164 555 280 609 qam-7⁵
309 556 366 599 δὲ,
394 571 421 603 η
452 551 672 617 ἕψηθεισα.
703 549 751 588 V

275 607 412 651 Εαεω.
437 608 473 645 6.
500 603 562 648 τό
596 621 693 659 γαρ
725 602 1035 659 Πάγγαιον]
1079 601 1136 647 Τό
1166 602 1383 660 Πάγγαιον
1410 602 1507 660 ὅρος
1543 605 1637 660 περὶ

166 669 398 713 Φιλίππους
426 664 513 706 ἔστι
536 661 610 713 τῆς
638 662 927 710 Μακεδονίας,
955 661 1117 716 χρυσοῦ
1142 662 1319 715 μέταλλα
1339 661 1458 718 ἔχων.
1473 664 1526 704 V.

275 722 443 762 Eadql
476 721 539 760 15.
569 717 692 761 θέει
721 717 929 773 φέρων]
967 719 1114 773 τρεᾞχει
1145 718 1183 756 V

276 784 388 829 Pag.
422 774 488 817 26.
522 776 552 816 1.
582 777 619 815 3.
650 776 767 823 ταῖς
794 773 1167 830 μυρμηκιαῖς]
1197 776 1285 824 τοῖς
1305 792 1390 817 των
1412 769 1644 829 μυρμήκων

164 831 321 883 τόποις.
349 835 402 873 V.

278 891 388 929 Ead.
416 888 444 929 l.
475 902 514 938 7.
547 903 670 936 τους
707 885 1101 957 Μυρμιδόνας]
1146 886 1198 926 Ὃ
1238 884 1398 936 Αἷακός
1435 885 1508 929 τοῦ
1544 884 1647 935 Διός

170 951 218 997 ἠν
247 944 338 994 υἷος
366 947 437 987 καὶ
463 944 712 996 ἐβασίλευσε.
739 943 898 996 λέγεται
928 959 1002 985 ουν
1033 942 1112 1008 ὅτιι
1125 944 1300 996 θεωρῶν
1329 961 1406 993 την
1435 939 1566 985 αυτοῦ
1586 941 1647 1006 m)

173 1000 315 1057 χώραν
340 999 684 1055 ὀλιγανδροῦσαν,
711 998 863 1050 ηὔξατο
889 999 948 1055 τῷ
974 1001 1057 1042 Λιῖ
1087 995 1112 1041 ὅ
1137 1001 1181 1040 δὲ
1204 1016 1299 1048 τους
1325 997 1546 1055 μύρμηκας
1569 1017 1650 1042 αν·-

175 1058 374 1114 θρώπους
394 1060 574 1106 §noim
601 1056 672 1097 καῖ
700 1054 767 1097 δια
794 1055 916 1098 τοῦτο
925 1042 1211 1123 Μυρμιδόνες
1229 1056 1452 1105 κέκληνται
1481 1056 1534 1098 V.

287 1117 385 1153 Ead
430 1115 458 1152 1.
488 1126 551 1153 10
591 1113 644 1160 ἐς
680 1109 948 1180 αἰγιόχοιο
983 1108 1136 1164 Λιός]
1169 1111 1348 1164 Λέγεται
1374 1109 1397 1153 ὁ
1437 1110 1540 1160 Ζεύς
1568 1109 1652 1154 ύπὸ

175 1167 289 1236 αἰγος
318 1169 552 1223 τραφῆναι,
594 1185 662 1209 και
697 1184 820 1209 τουτο
852 1168 977 1220 δέραα
1007 1168 1078 1218 τῆς
1106 1165 1225 1222 αἰγός
1252 1165 1346 1210 ἀντὶ
1373 1166 1542 1217 ἀσπίδος
1567 1173 1654 1222 fiee-2

177 1227 350 1275 στάζειν.
381 1227 563 1280 αἰγίοχος
596 1221 668 1265 οὖν
696 1223 717 1266 ὁ
748 1226 881 1290 αἰγίδα
897 1223 1110 1290 κατέχων.
1140 1224 1192 1264 V.

289 1286 402 1335 Pag.
430 1295 499 1332 27.
527 1282 553 1319 l.
587 1282 626 1319 3.
665 1277 809 1332 βαρυ
845 1276 945 1335 γοῖρ
975 1277 1151 1330 οὐδὲν,
1190 1297 1254 1330 ην
1284 1297 1347 1333 μη
1379 1297 1431 1322 τι
1461 1279 1654 1333 φέρειν

180 1339 297 1406 δέῃ]
328 1314 458 1382 Ου’δέν
484 1333 594 1392 βαρυ
621 1352 670 1378 το
699 1336 945 1388 διακονησαί
974 1352 1059 1387 σοι,
1097 1338 1138 1377 εἰ
1176 1353 1234 1389 μη
1283 1336 1398 1391 χρεία
1427 1335 1546 1379 ἔσται
1572 1342 1659 1391 βαι,

180 1393 330 1438 στᾶσαι
354 1399 400 1442 n)
429 1412 484 1436 τι.
515 1393 548 1431 V

287 1451 466 1493 Ead.].
510 1445 672 1491 12.τό
707 1447 920 1503 φωςο)]
965 1443 1253 1502 Ἀναξαγόρας
1299 1447 1435 1491 ταῦτα
1485 1446 1587 1503 λέγει
1632 1465 1655 1491 ο

181 1504 367 1562 φυσικός.
395 1508 448 1547 V.

293 1569 406 1615 Pag.
435 1563 506 1602 28.
532 1562 562 1604 l.
597 1561 640 1601 6.
665 1578 754 1602 και
774 1576 869 1602 τον
896 1560 986 1602 {nt
1016 1544 1220 1610 σκηνης
1248 1556 1481 1603 ἕκαστον
1509 1559 1662 1615 βίον]

191 1616 276 1671 Την
297 1617 472 1660 ἑκάστου
491 1616 539 1670 p)
565 1618 778 1659 κατοικίαν
805 1616 920 1670 λέγει.
954 1618 993 1657 εἰ
1024 1634 1080 1682 μη
1117 1615 1309 1681 δριμέως
1316 1618 1389 1658 και
1415 1617 1537 1659 τοῦτο
1561 1618 1663 1671 λέγει

186 1672 532 1739 δραματούργων,
575 1670 630 1721 οἷς
669 1673 736 1715 ἐπὶ
773 1672 925 1722 σκηνῆς
961 1672 1141 1714 ἑκάστου
1171 1689 1255 1714 των
1280 1668 1527 1725 α’νθρώπων
1552 1673 1664 1725 (δια-

185 1732 400 1786 βιοῦντος,
426 1728 499 1771 ἅτε
529 1727 650 1771 ἄλλου
677 1730 752 1782 μὲν
780 1726 923 1778 ὄντος,
966 1727 1092 1771 ἄλλου
1118 1729 1162 1770 δέ
1190 1726 1411 1779 ἀξιοῦντος
1436 1729 1581 1772 δοκεῖν.
1609 1730 1664 1771 V.

232 1849 271 1894 k)
292 1847 604 1903 πλατύτερον]
639 1847 910 1881 Animadvertas
943 1847 1034 1881 hanc
1066 1848 1246 1891 vulgatam
1277 1848 1372 1881 vocis
1397 1849 1569 1892 praefixae
1588 1847 1669 1881 for-

276 1907 386 1936 mam,
410 1896 466 1928 cui
491 1903 611 1928 tamen
638 1895 742 1936 nihil,
768 1896 836 1929 nisi
862 1905 1019 1928 errorem
1041 1902 1221 1938 utcunque
1251 1895 1504 1937 commissum,
1527 1894 1669 1928 subesse

275 1942 440 1975 arbitror.
463 1940 590 1974 Lehm-

234 1988 266 2033 1)
293 1984 461 2032 φακὸς]
499 1985 616 2025 Φιέκος
647 1986 785 2020 editum
817 1994 907 2028 erat,
945 1985 1043 2029 quod
1069 1984 1235 2018 audacter
1260 1997 1303 2018 ex
1325 1985 1499 2018 Luciano
1523 1985 1670 2018 mutavi.

195 2057 222 2067 v
278 2033 450 2068 Alterum
473 2032 645 2065 intactum
670 2033 844 2074 relinque,
870 2032 931 2065 etsi
956 2033 1017 2065 alii
1041 2044 1132 2076 φακη
1159 2031 1328 2064 scribunt.
1352 2032 1432 2065 Vid.
1449 2030 1587 2066 Athen
1608 2031 1671 2063 IV.

281 2078 389 2115 c.15.
414 2079 486 2110 1:015
510 2080 619 2121 longe
649 2078 692 2110 ab
726 2079 803 2112 init.
828 2078 891 2111 ubi
919 2077 1049 2122 φακῆν,
1082 2076 1146 2109 sed
1176 2078 1298 2120 paullo
1323 2085 1402 2120 post
1426 2086 1502 2115 ter,
1537 2085 1670 2118 quater,

283 2121 408 2170 φακήν,
428 2125 508 2156 satis
536 2125 783 2157 inconstanter.
807 2123 987 2167 Stephan.
1006 2123 1138 2165 ubique
1163 2122 1255 2166 φακῆ
1279 2131 1312 2155 et
1330 2121 1454 2165 φακῆν.
1478 2121 1555 2164 Ego
1577 2121 1670 2166 φακὴ

283 2171 418 2211 ubique
444 2181 484 2201 ex
499 2170 657 2211 analogia
681 2170 843 2200 mallem.
870 2169 941 2200 Sed
960 2168 1107 2200 exhibeo
1128 2169 1177 2201 ita
1195 2177 1232 2201 ut
1250 2170 1404 2200 invenio.
1429 2167 1550 2200 Reitz
1590 2169 1671 2200 lmo

287 2215 333 2248 ad
367 2216 566 2257 analogiam
600 2215 701 2247 unice
737 2223 829 2246 recta
861 2213 976 2246 forma
1010 2213 1121 2258 φακῆ,
1161 2214 1184 2246 i.
1218 2225 1248 2245 e.
1279 2215 1403 2257 ‹paui-a
1442 2213 1487 2246 Et
1521 2216 1571 2247 sic
1596 2214 1672 2257 ipse

285 2261 456 2295 Reitzius
489 2272 572 2293 cum
606 2259 728 2292 ceteris
760 2260 896 2302 scripsit
923 2259 1034 2302 Epist.
1066 2259 1208 2291 Saturn.
1229 2257 1285 2292 55.
1309 2270 1526 2301 quamquam
1549 2260 1672 2302 paullo

287 2315 368 2340 aute
396 2318 425 2339 c.
453 2302 665 2349 23.q>am¹1v,
693 2306 774 2338 satis
799 2306 1048 2337 inconstanter.
1087 2304 1160 2337 Nec
1184 2304 1397 2337 Scholiastes
1421 2305 1463 2337 ad
1487 2305 1674 2338 Soloecist.

287 2365 319 2386 c.
346 2363 377 2396 7.
402 2364 486 2385 cum
519 2351 585 2383 hoc
619 2360 736 2384 nostro
762 2351 936 2384 convenit.
959 2350 1191 2394 Phrynichus
1213 2363 1231 2382 a
1251 2351 1425 2383 Piersono
1445 2350 1672 2383 emendatus:

293 2396 426 2437 Φακός,
461 2398 594 2441 φακοῦ,
618 2397 674 2429 ἐπὶ
697 2397 761 2429 τοῦ
788 2396 905 2440 ὠμοῦ,
931 2395 1023 2439 φακῆ
1047 2396 1102 2436 ὁὲ,
1135 2396 1269 2438 φακῆς,
1295 2397 1351 2430 ἐπὶ
1373 2407 1437 2430 του
1459 2396 1586 2441 ἑφθοῦ.
1611 2396 1674 2430 ubi

287 2444 368 2477 vide
392 2446 499 2476 etiam
521 2442 788 2486 Lobeckiump
792 2441 904 2476 .455,
934 2441 1054 2474 Lehm.

245 2490 301 2534 m)
324 2487 492 2532 αὑτοῦ]
524 2489 584 2521 Sic
615 2488 709 2521 haud
740 2488 846 2521 dubie
871 2489 1010 2531 scripsit
1037 2486 1264 2520 Scholiastes
1290 2499 1355 2531 pro
1381 2499 1444 2528 eo,
1477 2486 1572 2532 quod
1593 2486 1676 2519 vul-

291 2532 617 2579 gaverant,a131013·
642 2534 794 2567 scribere
820 2542 912 2566 certe
940 2533 1109 2575 debebat,
1147 2533 1325 2577 siquidem
1348 2535 1483 2567 alienae
1507 2542 1675 2577 personae

292 2582 539 2624 cogitationem
564 2582 671 2612 vitare
695 2581 811 2612 vellet
838 2580 961 2614 Lelzm.

249 2628 289 2668 n)
312 2606 644 2670 βαστα’σαι],,ί’
621 2623 753 2669 βασταὲ
747 2631 798 2663 ’,αι
813 2625 881 2658 V.“

252 2675 289 2717 o)
312 2672 364 2705 τὸ
391 2672 504 2717 φως]
538 2696 560 2711 ,,
553 2671 619 2711 ,Ad
657 2673 772 2704 aliena
802 2670 907 2704 verba
939 2671 1092 2703 relatum
1117 2669 1185 2704 hoc
1217 2670 1386 2704 Scholion
1411 2671 1448 2703 in
1474 2667 1596 2702 sedem
1620 2679 1678 2700 ze·—

298 2717 398 2750 duxit
422 2717 592 2750 Solanus.
595 2719 617 2736 ‘⁸

254 2762 294 2808 p)
326 2765 358 2795 ‚l'
365 2776 414 2804 ην
439 2763 513 2795 ἑκά
505 2767 692 2801 στου],
697 2760 798 2801 ‚Ante
823 2761 909 2794 haec
935 2762 1038 2793 verba
1068 2763 1103 2793 in
1130 2760 1243 2793 Editis
1270 2760 1481 2794 addebatur:
1511 2753 1598 2793 ἆ)λὰ
1614 2756 1678 2800 κιῖν

302 2820 381 2842 τινα
393 2809 456 2843 ἴδω
479 2807 604 2843 αυτῶν.
638 2808 736 2851 Quae
762 2806 921 2841 solanus
946 2809 1073 2841 merito
1100 2806 1263 2840 delevit-⁶
