1819 3198
220 217 322 268 492
636 202 1275 262 ADNO'TA‘rioNEff

221 351 296 378 ουν
319 334 378 382 εἰς
403 332 542 387 χεῖρας
569 329 708 373 ἐλθεῖν
740 327 866 393 μηδὲν
895 324 1154 383 φοβούμενον
1181 325 1253 370 ἔτι
1298 329 1366 368 De
1394 342 1491 368 sene
1515 329 1694 381 cupidi-

218 405 315 430 nem
345 396 500 437 orante,
528 394 577 425 ut
605 388 656 425 ad
685 400 731 425 se
759 387 940 433 veniret,
967 400 1009 424 se
1037 400 1182 438 capeie
1210 387 1376 426 sineret.
1418 385 1499 423 Sed
1528 387 1586 434 εἰς
1606 387 1694 441 χεῖ-

219 462 300 499 ρας
327 445 524 499 δέχεσθαι
552 449 594 481 et
617 443 724 484 ἰέναι
753 442 804 480 de
833 443 1128 493 pioeliantibus
1163 441 1378 479 habuimus
1407 455 1440 480 1.
1467 442 1562 480 Ver.
1582 443 1691 481 Hist.

218 516 305 554 cap.
324 515 385 553 17.
411 507 453 539 et
474 501 603 541 Zeux
626 513 658 537 c.
674 513 711 550 9
736 494 811 539 Eu
828 498 966 552 χερσῖν
988 505 1124 536 autem
1149 517 1175 548 η
1199 494 1314 550 μοῖχη
1336 497 1495 551 ἐγένετο
1517 500 1690 538 Arriam.

215 559 328 610 Exp.
349 558 420 596 AI.
442 555 474 597 I.
495 570 532 607 p.
556 557 620 605 57.
642 569 697 595 m.
719 555 873 594 mez.
920 555 1157 593 Formulam
1192 556 1233 601 ἐς
1245 553 1397 620 χεῖρας
1427 553 1562 594 ἐλθεῖν
1593 554 1692 593 vide

215 614 331 665 apud
351 614 553 652 Nostrum
580 611 703 649 Diall.
729 611 873 650 Mortt.
893 608 1008 657 XIV,
1033 623 1070 648 2·
1096 616 1206 649 extr.
1245 605 1391 657 Εντὸς
1408 608 1552 660 βέλους
1574 624 1688 662 γενε·
1714 606 1717 610 ¹

217 676 324 713 σθαι
356 670 399 707 in
424 668 632 707 simillimo
662 667 753 704 loco
777 666 926 703 iterum
958 667 1138 704 occurrit
1158 666 1303 704 Bacch.
1333 680 1365 704 c.
1389 664 1428 705 4.
1458 667 1694 716 oppositum

216 725 390 764 dictioni
418 723 493 773 ἔξω
527 723 674 776 βέλους
699 736 729 760 3.
759 720 891 774 βελων
920 720 1054 770 sevoco,
1094 736 1197 772 quae
1235 722 1326 760 sere
1360 721 1572 773 proverbii
1600 721 1694 760 vice

213 783 260 821 in
280 781 345 819 his
367 781 484 819 libris
498 779 698 830 fungitur,
724 782 771 816 ut
784 778 1051 818 Diall.Deor.
1068 777 1190 828 XIII,
1208 790 1248 818 2.
1274 778 1400 817 Diall.
1425 779 1558 821 Marr.
1581 776 1631 828 11,
1656 790 1693 820 ι.

206 837 391 877 Conviv.
410 850 444 875 c.
465 848 504 877 2
532 835 680 876 LEHM

328 888 851 944 Εαᾱ.1.15.”1ῑμψυχον)
879 889 987 928 Cum
1005 886 1191 943 εὔψυχον
1218 889 1446 928 invenirem
1472 889 1516 927 in
1546 890 1694 938 ,1.ῃο-

214 963 297 1002 que
326 949 445 987 aliam
473 947 716 985 varietatem
746 947 990 997 adsciiptam
1019 948 1068 984 ab
1098 946 1274 990 Solane,
1304 946 1385 983 nisi
1412 944 1520 997 quod
1553 941 1692 997 ἔμψυ-

213 1021 293 1070 χον
317 1005 361 1043 in
383 1005 445 1042 M.
473 1004 644 1054 legatm,
671 1003 742 1041 sed
763 1016 887 1041 manu
906 1003 1061 1041 se1iore
1088 1008 1312 1050 exaratum,
1339 1001 1573 1053 suspicabai
1597 1014 1694 1041 eum

215 1072 366 1113 ευψ-
397 1060 612 1112 probasse,
653 1066 774 1111 atque
812 1059 870 1096 sic
911 1058 977 1096 edi
1005 1059 1196 1097 voluisse.
1250 1057 1429 1109 Ideoque
1457 1055 1564 1094 Edd.
1596 1062 1691 1094 cett.
1726 1077 1734 1081 s

214 1117 437 1169 diligenter
466 1115 642 1164 excussi,
671 1129 873 1166 supraque
903 1114 1053 1163 addidi,
1080 1120 1121 1152 et
1145 1114 1358 1164 vulgatam
1387 1127 1482 1176 prae
1513 1113 1692 1150 lectione

180 1191 191 1210 ³-
212 1175 331 1213 szt.
356 1171 594 1210 servandam
627 1172 881 1208 existimavi:
912 1185 1003 1207 nani
1027 1171 1137 1210 etsi
1129 1167 1311 1222 ὕψυχον
1343 1170 1473 1220 primo
1496 1169 1691 1219 adspectu

213 1229 392 1268 blandiri
419 1234 563 1280 queat3
594 1233 730 1265 tamen
762 1240 843 1264 non
869 1227 970 1263 adeo
1002 1226 1051 1264 de
1082 1227 1409 1276 magnanimitate
1437 1224 1522 1262 her
1514 1227 1600 1262 oica
1623 1224 1692 1262 hic

213 1297 352 1323 sermo
380 1292 448 1332 est,
480 1297 599 1335 quam
630 1284 680 1320 de
705 1290 849 1332 vegeto
879 1282 1023 1320 habitu
1051 1282 1257 1332 00190113,
1286 1283 1329 1319 111
1359 1295 1439 1332 quo
1468 1281 1580 1318 nulla
1600 1281 1692 1318 lan-

214 1342 354 1392 guoris
384 1341 515 1389 signa,
550 1339 621 1377 sed
651 1339 778 1384 calor,
808 1338 958 1386 rubor,
996 1338 1178 1390 adeoque
1208 1345 1250 1375 et
1278 1337 1429 1375 alacres
1459 1350 1503 1375 ac
1530 1337 1693 1375 vividae

211 1397 395 1436 actiones
421 1396 570 1434 horum
598 1396 778 1432 comites.
812 1394 963 1432 Rm'rz.

333 1453 443 1491 End.
467 1451 494 1494 l,
521 1451 582 1493 14.
610 1444 940 1500 Ἀπολαύοντες)
978 1448 1082 1487 Cum
1113 1445 1430 1500 ἀπολάμποντες
1458 1449 1511 1488 sit
1542 1449 1584 1486 in
1618 1448 1689 1490 W.

214 1509 344 1561 possis
375 1509 497 1546 etiam
522 1504 839 1558 ἀπολάμποντος
865 1506 1080 1556 conjicere.
1131 1506 1185 1542 At
1214 1520 1306 1542 cum
1336 1506 1379 1541 in
1402 1506 1566 1554 vulgato
1586 1504 1692 1542 nihil

211 1566 269 1602 sit
298 1565 560 1613 incommodi,
594 1563 699 1601 nihil
726 1564 862 1614 potius
895 1561 1147 1599 tentandinn.
1177 1561 1345 1611 Alioqui
1373 1559 1614 1612 splendendi
1645 1574 1690 1598 ac

215 1620 377 1659 nitendi
407 1622 579 1659 verbum
609 1620 802 1658 convenit
828 1617 1063 1656 hominibus
1097 1618 1195 1655 boni
1221 1617 1403 1666 habitus,
1440 1622 1486 1655 ut
1513 1630 1596 1666 cap.
1623 1629 1690 1667 29.

217 1672 511 1728 σ’τιλπνότερον
539 1678 656 1718 ποιεῖ
682 1671 754 1716 τᾶν
791 1671 937 1725 ἄνδρα.
990 1674 1047 1712 Et
1078 1674 1185 1711 unde
1217 1675 1276 1710 sie
1309 1675 1447 1711 nites?
1479 1673 1601 1723 'lupus
1633 1674 1691 1710 ait

214 1734 306 1770 cani
337 1733 440 1770 bene
470 1741 583 1784 pasto
614 1732 720 1783 apud
746 1731 1090 1778 l³szcwcl1.111‚7,
1129 1729 1208 1767 Sed
1231 1731 1271 1766 in
1299 1729 1371 1766 illo
1393 1731 1580 1766 cheicmi
1598 1729 1690 1767 loco

213 1784 410 1834 στιλπνὸς
439 1789 560 1826 adhib
566 1796 656 1826 etur
686 1793 775 1838 post
805 1786 943 1823 3011103
973 1787 1156 1832 ablutas,
1198 1784 1380 1835 adeoque
1409 1799 1491 1822 11011
1522 1798 1690 1835 prorsus

214 1851 276 1881 est
304 1844 429 1882 idem.
460 1844 612 1885 Rssmmz
662 1844 745 1890 Qui
769 1844 886 1879 Rei-'tr
882 1844 924 1877 iz]
953 1842 1226 1892 conjccnuam
1257 1837 1573 1892 οἷπολαμποντος
1596 1855 1690 1879 cum

211 1900 374 1950 reliqua
402 1900 586 1936 oratione
614 1898 831 1946 comilies,
868 1897 942 1934 vix
968 1898 1055 1947 ipse
1093 1897 1228 1934 dixeii
1216 1903 1267 1944 1ί,
1305 1897 1382 1933 nisi
1410 1897 1459 1933 (le
1495 1893 1690 1947 ἀπολαμ-

210 1970 370 2004 πουσης
397 1955 507 1993 sorte
540 1954 793 2005 cogitaveiit.
857 1953 937 1990 Sed
970 1955 1089 1989 missa
1125 1959 1296 2002 unaque
1333 1951 1507 2002 ineptia,
1547 1954 1689 2002 Pauly

211 2011 466 2062 probandam
493 2012 673 2061 suscepit
699 2009 893 2050 Wittiani
925 2008 1089 2046 Codicis
1117 2006 1337 2046 lectionem
1364 2004 1688 2059 ἀπολάμποντες,

210 2066 310 2115 „Ne
341 2067 491 2115 dicam,
520 2068 733 2131 inquiens,
760 2065 849 2102 xeii
879 2079 965 2101 esse
998 2062 1198 2110 sii-nitius,
1229 2060 1510 2110 οἷπολαυοντες
1540 2078 1688 2102 corlu-

209 2128 357 2173 ‚,ptum
377 2137 464 2160 esse
485 2137 538 2160 ex
566 2117 894 2170 οἷπολαμποντες,
925 2135 1044 2172 quam
1068 2135 1121 2158 ex
1139 2121 1213 2157 illo
1239 2119 1553 2169 11003s11'gid1'us
1575 2114 1688 2158 certe

211 2178 285 2227 ,‚h.
311 2179 337 2216 l.
358 2179 525 2216 videtui
551 2179 654 2216 illud
684 2173 980 2223 απολαύοντες.
1016 2177 1111 2215 Non
1140 2176 1380 2227 infrequens
1411 2182 1471 2213 est
1498 2171 1686 2228 ἆπολαμ-

208 2248 328 2283 »πτειν
357 2248 390 2273 3.
421 2229 750 2286 απολαμπεσθαί
777 2248 885 2280 τινος
912 2233 1018 2284 apud
1042 2235 1174 2283 ipsum
1195 2231 1294 2270 adeo
1315 2231 1687 2281 Nostium.Sy1ia

210 2291 292 2339 „D-
313 2290 350 2341 §.
371 2292 438 2332 30.
469 2289 490 2330 ὁ
518 2287 614 2339 νηός
644 2288 805 2344 χρυσοῦ
832 2287 983 2329 πολλοῦ
1012 2283 1345 2339 οἷπολοῖμπεται“
1379 2288 1436 2325 At
1454 2294 1500 2325 ut
1522 2288 1686 2338 largiar,

212 2346 322 2398 quod
351 2352 487 2383 tamen
517 2347 630 2384 locus
656 2348 726 2384 ille
756 2359 839 2383 non
869 2347 1035 2383 omnino
1059 2346 1220 2396 probat,
1251 2339 1509 2394 α’πολάμπειν
1531 2339 1688 2392 ευεξιάς

211 2416 289 2454 per
317 2415 359 2439 se
386 2404 636 2450 sziwuwu,
668 2402 789 2442 salvis
815 2402 978 2451 linguae
1000 2401 1242 2450 lationibus,
1272 2402 1452 2438 selibere
1475 2401 1683 2452 potuisse;

210 2458 411 2496 sententia
438 2463 549 2494 certe
577 2457 698 2510 hujus
718 2458 799 2494 loci
823 2457 1091 2497 vehementer
1117 2463 1315 2506 repugnat
1342 2470 1472 2494 novae
1492 2455 1685 2494 lectioni:

210 2526 305 2552 nam
334 2513 582 2578 splendidus
610 2526 639 2550 3.
667 2513 834 2561 nitidus,
862 2513 1046 2564 corpmis
1076 2512 1258 2559 habitus,
1299 2525 1423 2563 quum
1449 2510 1611 2549 nonnisi
1639 2511 1684 2548 in

210 2570 372 2607 obesam
405 2575 446 2606 et
475 2571 664 2619 pinguem
705 2568 822 2605 cadat
851 2575 1061 2616 naturam,
1103 2568 1321 2606 manifesto
1350 2568 1400 2605 113
1430 2566 1682 2612 adversatur,

212 2639 315 2676 quac·
343 2639 440 2662 mox
469 2631 722 2672 sequuntur,
759 2621 849 2665 οὔτε
877 2625 1147 2677 περιπληθεῖς
1173 2623 1215 2670 ἒς
1242 2619 1399 2676 βάρος,
1433 2628 1495 2672 et,
1536 2617 1578 2664 ιό
1607 2621 1682 2674 μὲν

209 2678 378 2735 οῗχρεῖον
404 2679 487 2720 τῶν
526 2695 693 2746 σαρκων
725 2695 795 2719 και
833 2678 1022 2730 περὶτῑόν
1051 2687 1129 2721 etc.
1182 2680 1272 2717 Nec
1312 2677 1509 2728 frigidum
1547 2677 1685 2716 videri

210 2743 347 2790 potest
375 2732 598 2778 οἷπολαυειν
626 2732 825 2787 τοςαύῑης
853 2734 1020 2785 εὐεξίας,
1047 2736 1119 2774 ubi
1149 2735 1312 2786 cogites,
1345 2733 1455 2772 hunc
1481 2734 1580 2773 boni
1606 2732 1684 2772 ha-
