1819 3198
227 233 325 278 598
378 243 874 276 ADNOTA'rioNEs
906 244 962 273 m
998 242 1240 276 MUSCAE
1271 243 1609 281 ENCOMIUM.

223 347 452 387 Auctorem
481 343 604 395 hujus
629 357 775 382 versus
804 344 982 382 Belinas
1007 342 1110 383 facit
1137 342 1484 395 Aristophanem,
1524 359 1608 389 non
1636 353 1702 389 ta-

221 417 318 443 men
345 403 469 442 allato
494 401 584 453 ipso
611 400 771 439 Comici
796 400 906 440 loco.
942 399 1066 449 Quod
1088 397 1185 438 dum'
1213 400 1368 439 sactum
1390 401 1535 450 suerit,
1564 404 1703 444 incer-

223 465 292 498 tus
322 464 484 497 maneat
511 464 552 495 et
581 463 749 505 auctor,
783 463 825 495 et
853 459 998 495 versu's
1028 456 1181 505 forma,
1219 470 1461 509 quamquam
1494 458 1703 500 Gesnerus

222 516 322 554 satis
350 514 457 553 felix
486 513 615 552 fuisse
644 513 811 551 videtur
840 513 883 551 in
914 527 961 551 ea
989 511 1220 550 definienda
1245 513 1390 550 LssnM.

336 571 443 610 Ead.
467 570 493 608 l.
523 583 588 620 17.
617 564 779 620 Δεινόν)
809 568 1079 620 Eu‘r172.}1aec
1110 582 1252 619 sapere
1285 569 1486 609 videntur.
1518 571 1676 615 SOLAN.

333 629 449 678 Pag.
469 628 566 667 320.
585 626 613 664 l.
646 639 678 663 1.
713 625 861 673 Μυίας
883 624 957 676 τῆς·
984 623 1182 678 Πυθαγ.)
1211 625 1466 676 Pythagorae
1486 626 1584 665 haec
1606 629 1702 678 filia,

221 683 275 722 de
304 697 383 736 qua
412 682 580 721 consule
601 684 779 734 *Menag
811 682 862 720 de
889 683 986 721 mul.
1009 681 1115 720 Phil.
1142 687 1184 719 et
1203 682 1330 723 Plzot.
1353 681 1700 724 Cod.CCXLIX.

219 741 415 779 Meminit
454 739 716 777 lamblichus
755 739 799 777 in
840 740 1020 791 catalogo
1054 751 1093 790 p·
1129 738 1224 779 218.
1257 737 1302 777 C.
1356 738 1526 778 Milonis
1575 755 1697 780 uxor.

219 796 427 847 Porphyr.
456 796 579 833 etiam
605 794 686 837 No.
711 797 752 834 4.
776 801 818 833 et
848 796 1052 845 Anonym.
1071 793 1149 831 No.
1174 805 1211 831 2,
1268 795 1422 844 Miror,
1462 809 1485 833 a
1513 797 1700 836 Luciano

222 854 443 901 omissum,
487 850 596 904 quod
623 851 675 889 de
702 852 850 890 muscis
876 851 1125 890 Pisatidibus
1155 850 1203 888 ab
1231 850 1411 888 Aeliano
1440 852 1619 891 traditur
1648 853 1701 892 de

219 906 359 947 Anim.
380 908 436 956 V,
464 920 525 957 17.
543 920 667 959 supra
691 908 864 947 seminas
886 909 996 946 enim
1017 907 1088 945 ille
1107 906 1382 956 intelligentes
1407 908 1518 946 facit.
1535 909 1699 951 SOLAN.

334 965 444 1002 Ead.
468 964 498 1004 l.
524 977 560 1016 9.
581 960 658 1005 Ἐν
672 962 732 1018 τῶ
743 962 874 1017 με’ρεε)
894 965 977 1003 Pro
1005 964 1204 1011 vicissim,
1231 976 1354 1013 saepe
1373 964 1507 1002 utitur
1526 964 1700 1014 Noster3

217 1019 305 1062 vid
326 1019 375 1059 ad
402 1020 671 1072 Gym.c.19.
719 1021 838 1058 Adde
873 1027 1013 1059 notam
1051 1020 1212 1057 Hemst.
1242 1033 1283 1070 p.
1312 1019 1378 1057 45.
1409 1020 1489 1060 Ed.
1521 1020 1702 1060 Luciani

217 1076 407 1124 minoris,
438 1077 509 1128 qui
539 1082 582 1115 et
611 1078 786 1115 aliorum
816 1072 1050 1117 testimonia
1077 1073 1257 1124 addidit3
1286 1089 1395 1138 nam,
1408 1089 1492 1114 nou
1523 1077 1702 1116 inseruit

219 1133 362 1171 eadem
389 1132 485 1171 huic
507 1133 587 1173 Ed.
602 1133 696 1172 Vid.
718 1139 854 1172 tamen
872 1134 984 1174 Dial.
1004 1135 1132 1172 Mort.
1154 1130 1249 1178 XII,
1280 1146 1311 1173 1
1344 1127 1493 1174 οὐκοῦν
1521 1133 1564 1175 ἐν
1583 1132 1699 1187 μέρει

214 1185 412 1243 ἑκάτερος
441 1184 611 1230 elnam.
638 1189 792 1228 Rm'rz.
848 1190 1024 1240 Legitur
1052 1194 1149 1229 nota
1177 1189 1250 1227 illa
1287 1202 1382 1229 cum
1411 1189 1562 1229 additis
1589 1203 1700 1230 non-

217 1246 343 1286 nullis
369 1245 492 1298 hujus
508 1246 588 1287 Ed.
613 1246 734 1286 Tom.
751 1246 806 1285 II.
824 1260 866 1299 p.
887 1248 981 1288 551
1001 1260 1065 1301 sq.
1088 1244 1237 1285 Lan-M,
