1819 3198
489 278 1246 312 INIOAROMENIPPUM.
1505 275 1600 321 371

235 381 342 420 Ibid.
374 375 675 430 Ἀποσπάσας)
703 377 803 417 Vid.
832 392 935 430 quae
965 378 1016 416 de
1045 378 1125 416 hoc
1144 381 1284 430 verbo,
1313 383 1420 434 quod
1447 386 1603 428 frustra

122 446 355 491 suspectum
386 439 468 478 suit
496 436 634 487 Steplz.
666 435 709 473 in
739 434 864 476 Thes,
895 434 970 472 hac
992 435 1287 487 significatione
1315 446 1459 479 notatu
1483 443 1604 495 digna

121 496 261 535 attulit
287 494 521 535 Ilemsterlz,
551 492 599 529 ad
631 492 758 532 Deor.
790 491 900 532 Dial.
933 490 1029 529 XX.
1066 493 1180 538 (Vol.
1214 495 1268 536 H,
1301 508 1337 545 p.
1366 496 1534 551 556,sq‚
1559 500 1604 540 h,

120 552 223 600 Ed.)
253 551 321 589 ubi
355 552 579 588 Graevium
607 555 719 585 notat
747 561 888 584 eorum
919 546 984 585 hic
1011 549 1205 597 oblitum,
1246 565 1348 602 quae
1377 567 1499 605 supra
1527 570 1604 594 re-

121 610 228 648 ctius
254 607 303 645 ad
333 607 461 648 Deor,
493 604 602 644 Dial.
634 609 809 642 notarat.
862 604 1033 654 Optime
1054 619 1139 643 rem
1171 605 1238 644 hic
1266 609 1402 658 tetigit
1426 612 1607 662 Ῐεηείιιε,

120 671 164 705 et
191 663 327 704 versio
357 665 530 703 Gesnerz'
562 673 713 699 verum
741 673 902 698 sensum
929 661 1113 698 chciani
1144 670 1205 700 est
1233 663 1436 703 adsecuta.
1461 668 1604 708 Solam.

70 734 71 737 ’
120 721 411 772 adscripserat,
443 714 743 756 conferendum
774 717 883 754 infra
906 717 971 754 De
1001 717 1123 755 Doni.
1157 733 1189 756 c.
1222 732 1282 759 12.
1327 722 1390 759 Ibi
1415 723 1606 763 similiter

121 785 192 826 est,
222 779 292 818 καὶ
322 771 428 816 πολι)
459 770 544 815 οἷπό
571 773 642 823 τῆς·
669 772 745 826 γῆς
775 768 1034 814 α’ποσπᾶσαι.
1074 775 1176 813 Item
1199 777 1307 814 Dial.
1335 777 1484 817 Marin.
1504 781 1606 820 XII.

116 833 176 872 Et
204 832 451 882 Contempll.
480 845 565 882 cap.
601 843 663 869 21.
698 829 848 868 h’ffl'rZ.

231 889 339 927 Ead.
367 889 395 928 l.
430 888 492 927 14.
536 882 622 936 Τήν
647 885 731 926 ταῖν
760 880 1034 934 ἱπποπόλων)
1077 887 1159 924 Hic
1186 886 1386 940 Dialogus
1421 898 1484 930 est
1511 893 1608 932 Ho-

116 946 295 984 mericus
333 950 466 983 cento.
543 939 629 992 Τήν
666 941 750 983 τῶν
795 939 1061 984 ἶπποπώλων.
1105 944 1172 981 Ex
1209 945 1325 984 Iliad.
1366 961 1404 985 v.
1440 949 1608 993 Bonan.

116 998 424 1048 Ἰπποπώλων)
463 1001 527 1037 An
565 995 806 1040 ἱπποπόλων
843 1000 1086 1051 legendum,
1134 1007 1182 1038 Ut
1210 997 1416 1052 αἰπόλων,-
1458 1005 1604 1045 Placet.

119 1058 288 1096 GUYE'r.
330 1050 593 1098 Ἰπποπόλων
619 1055 815 1111 Θρῃκῶν)
837 1056 906 1093 Ex
929 1055 1046 1096 Iliad.
1062 1055 1113 1093 N.
1126 1070 1164 1095 v.
1180 1058 1217 1094 4.
1240 1073 1323 1097 non
1338 1060 1603 1113 ἱπποπώλων,

119 1121 168 1152 ut
198 1114 337 1151 editur
370 1114 518 1164 vulgO,
555 1113 702 1163 quibus
729 1112 797 1150 hic
825 1113 962 1149 nullus
993 1119 1056 1149 est
1084 1112 1211 1150 locus.
1246 1114 1410 1158 GnAizv,
1471 1119 1606 1158 Prave

118 1176 238 1208 antea
276 1169 345 1208 hic
379 1169 422 1207 in
458 1169 646 1207 omnibus
689 1169 811 1219 impr.
850 1168 1061 1218 legebatur
1097 1166 1362 1212 ἱπποπώλων.
1424 1174 1510 1215 Nos
1552 1188 1607 1212 ex

117 1228 327 1270 Homero,
371 1231 412 1263 et
441 1227 596 1263 Nostro
637 1225 725 1275 ipso
756 1224 910 1273 Quom.
944 1224 1055 1265 Hist.
1092 1224 1257 1265 Conscr.
1298 1242 1333 1268 c,
1364 1227 1435 1273 40.
1464 1244 1606 1270 veram

117 1283 363 1334 scripturam
405 1281 676 1319 restituimus.
711 1281 873 1318 SOLAN.
915 1282 1039 1318 Hom.
1071 1281 1121 1323 Il,
1150 1282 1203 1331 N,
1236 1296 1277 1332 4.
1334 1283 1505 1338 [νόσφιν
1532 1291 1607 1328 ἱπ-

115 1336 309 1379 ποπόλων
333 1335 509 1393 Θρῃκῶν
528 1331 826 1389 καθορώμενος
853 1334 960 1378 αἶαν.
1019 1336 1141 1375 Unde
1164 1341 1431 1391 quantitatem
1454 1345 1610 1394 penul-

116 1396 242 1433 timae
268 1396 313 1432 in
344 1395 451 1434 Edd.
483 1393 587 1431 male
616 1394 884 1443 productam,
922 1394 1043 1431 facile
1072 1397 1250 1433 correxi.
1322 1398 1446 1446 Quod
1477 1401 1608 1439 miror

115 1451 429 1489 Bourdelotiam
450 1463 534 1488 non
553 1449 719 1495 vidisse,
746 1451 814 1501 qui
832 1456 964 1487 tamen
977 1451 1207 1488 Homerum
1226 1455 1443 1492 consuluit.
1460 1454 1607 1498 Rm'rz.

227 1507 338 1546 lbid.
377 1502 465 1557 Τήν
495 1505 670 1561 Θρῃκῶν
697 1527 756 1533 -
781 1501 859 1555 τήν
881 1504 1065 1557 Μυσῶν)
1093 1506 1247 1546 Omisit
1267 1508 1378 1559 αἶαν,
1411 1512 1497 1549 sive
1515 1510 1607 1564 γῆν,

115 1563 226 1615 quod
259 1566 466 1601 Homerus
490 1563 517 1600 1.
547 1565 585 1601 d.
615 1562 740 1604 addit,
803 1562 884 1600 Sed
921 1562 1024 1599 nihil
1065 1561 1140 1600 hac
1172 1564 1608 1620 ellipsifrequentius.

114 1621 184 1657 Sic
214 1621 353 1671 Long.
385 1619 493 1657 Past.
525 1619 575 1656 L.
606 1630 646 1657 2.
676 1633 718 1670 p.
751 1619 816 1656 63.
857 1615 924 1673 (al.
953 1615 1043 1668 47.)
1083 1616 1279 1668 ἐλθόντες
1307 1623 1364 1670 εἰς
1392 1620 1468 1674 τήν
1505 1625 1606 1665 ἑαυ-

114 1674 215 1717 τόῖν.
273 1675 392 1713 Adde
432 1676 606 1715 lVessel.
639 1675 689 1713 ad
720 1675 852 1713 Diod.
883 1676 967 1714 Sic.
1009 1675 1074 1723 11,
1105 1677 1152 1725 3,
1186 1678 1221 1714 6.
1276 1678 1332 1716 Et
1358 1682 1411 1718 L.
1441 1682 1527 1718 Bos
1555 1682 1607 1720 de

112 1731 278 1783 Ellipsi.
310 1731 462 1770 Rem—z.

228 1789 343 1839 Pag.
377 1789 436 1829 15.
459 1788 485 1825 l.
512 1799 574 1829 12.
603 1781 744 1831 Λόκει)
771 1786 893 1825 Haud
913 1787 1123 1825 immerito
1151 1789 1218 1829 Fl.
1241 1793 1416 1830 contulit
1436 1793 1606 1832 Noster.

114 1841 233 1882 Nihil
275 1850 415 1882 tamen
461 1845 662 1890 mutavit3
715 1844 983 1895 imperativus
1027 1842 1313 1888 autem'ddmc
1352 1855 1472 1887 natus
1504 1849 1606 1887 mihi

111 1899 282 1939 videtur
322 1914 375 1938 ex
414 1900 673 1951 imperativis
711 1901 972 1951 praemissi53
1016 1900 1158 1939 forsan
1198 1904 1325 1941 male:
1366 1919 1457 1943 nam
1499 1903 1607 1947 δοκῶ

111 1956 331 2008 legendum
364 1957 569 2001 arbitror,
615 1956 724 2008 quod
750 1957 945 2007 migravit
975 1957 1018 1994 in
1057 1957 1187 2005 δοκεῖ,
1227 1959 1376 1999 deinde
1406 1962 1449 2000 in
1484 1960 1603 2003 δόκει.

112 2011 170 2051 Et
205 2013 414 2056 Parisinae
443 2014 649 2063 interpres
677 2013 878 2051 Erasmus
909 2011 1024 2050 dedit
1051 2016 1254 2065 pusillam
1280 2019 1494 2068 quandam
1521 2028 1607 2057 ter-

75 2083 204 2117 jram
237 2071 344 2106 mila·
371 2070 510 2107 videre
539 2069 740 2114 videbam
780 2069 890 2107 unde
930 2070 1126 2121 conjicio,
1166 2085 1260 2109 eum
1288 2069 1419 2114 ἐδόκει
1446 2075 1605 2126 legisse,

112 2124 223 2177 quod
251 2126 458 2178 aliquanto
488 2126 633 2164 melius
664 2132 752 2162 erat
779 2125 957 2176 vulgatO.
1019 2127 1175 2164 Verum
1198 2127 1294 2166 dum
1319 2131 1482 2168 Gesner.
1512 2145 1605 2169 ser-

110 2181 226 2219 vavit
254 2181 577 2233 imperativum,
620 2195 778 2219 comma
814 2181 858 2219 in
900 2182 1129 2220 semicolon
1170 2190 1355 2234 mutans,
1395 2200 1468 2237 ego
1498 2187 1606 2225 nihil

113 2251 276 2289 quoque
308 2238 478 2283 mutavi,
509 2238 579 2289 qui
610 2251 777 2275 sensum
809 2238 997 2288 vulgatae
1026 2238 1149 2276 facile
1181 2240 1346 2292 quidem
1374 2244 1607 2295 perspicio:

111 2305 247 2344 neque
275 2293 545 2345 imperativus
577 2293 649 2331 ille
675 2301 735 2332 est
764 2294 992 2343 inusitatus,
1024 2301 1070 2331 ut
1098 2296 1207 2334 infra
1231 2295 1399 2336 Parasit.
1430 2313 1465 2339 e.
1484 2311 1602 2352 2.pr.

112 2345 247 2400 αὐτήν
277 2350 417 2391 αἰτίαν
446 2349 554 2391 εἶναι
587 2346 719 2391 ὃόκει”
749 2356 791 2388 et
819 2363 904 2401 cap.
942 2359 974 2389 ι.
1006 2347 1065 2402 μή
1097 2349 1204 2394 δόκει
1237 2352 1363 2394 τοῦτο
1395 2361 1471 2393 etc.
1498 2356 1605 2394 alte-

109 2418 205 2445 rum
239 2411 377 2444 ta'men
416 2409 695 2457 praeferrem3
737 2407 816 2444 nisi
855 2406 1107 2458 aliquantum
1139 2423 1205 2447 me
1238 2411 1473 2449 refrenaret
1497 2412 1604 2450 illud

111 2457 216 2510 ὥςτε
243 2459 519 2515 κατακύψας,
563 2462 670 2515 quod
700 2463 991 2514 postponitur,
1032 2478 1125 2503 eum
1155 2466 1214 2503 sic
1247 2466 1456 2505 debuisset
1483 2482 1598 2520 prae-

109 2519 237 2557 mitti.
297 2520 439 2557 Minus
472 2519 806 2570 enimsadcurate
833 2526 1044 2568 narraret,
1072 2522 1141 2572 qui
1169 2523 1255 2560 visa
1277 2524 1392 2574 prius
1426 2538 1602 2562 enume-

108 2582 175 2614 ret
204 2576 254 2625 (-
277 2580 414 2624 aret),
461 2575 555 2614 dein
587 2576 726 2613 oculos
757 2589 799 2613 se
830 2575 879 2613 ad
911 2577 1114 2628 objectum
1146 2581 1399 2617 convertisse
1431 2580 1601 2620 diceret.

111 2630 193 2673 Sed
222 2632 255 2670 si
288 2628 391 2679 ὥςτε
421 2645 496 2683 pro
538 2646 653 2675 cnm,
699 2632 892 2683 quande,
938 2633 1139 2683 accipias,
1179 2641 1294 2673 recte
1332 2637 1602 2687 postponitur

110 2683 376 2740 κατακύψας,
405 2691 431 2726 i.
459 2702 492 2726 e.
525 2689 673 2740 pusilla
702 2688 803 2726 mihi
834 2688 1055 2738 adparebat
1082 2697 1204 2739 terra,
1236 2705 1328 2728 cum
1359 2692 1501 2728 oculos
1524 2692 1602 2729 de-

111 2744 322 2785 misissem.
381 2743 536 2784 Verum
569 2751 655 2782 tum
686 2741 740 2790 οἷς·
770 2758 843 2796 pro
875 2741 976 2791 ὥςτε
1006 2745 1236 2796 legendum,
1269 2747 1377 2799 quod
1408 2747 1603 2786 similiter

112 2805 272 2838 mutare
298 2801 437 2841 nolim.
498 2802 682 2854 Ideoque
711 2807 874 2840 maneat
901 2801 1086 2852 vulgata,
1129 2802 1258 2840 donec
1289 2803 1458 2841 meliora
1479 2803 1602 2842 inve-

1039 2865 1094 2906 ·
1166 2856 1314 2904 Aa2
