1819 3198
215 200 311 245 5023
655 222 1251 255 AiiNo'i·A‘r10Nsss

219 315 344 355 scrib.
395 313 476 354 Sed
525 317 634 368 quod
677 322 734 358 ait
785 321 861 359 lioc
908 322 999 360 loco
1038 324 1254 361 chcz'cmzcs
1294 322 1346 360 de
1382 322 1616 361 Ptolemaeo
1654 329 1716 363 et·

220 370 409 422 Memphi
441 380 556 423 capta
596 389 670 426 per
709 377 797 415 Nili
834 378 1130 427 diversionem,
1168 385 1389 431 exspecto,
1428 379 1498 430 qui
1524 378 1602 417 hoc
1631 394 1696 418 me

223 427 386 465 doceat:
417 429 564 467 nullibi
592 433 698 470 enim
721 447 898 484 unquam
919 435 999 484 legi
1028 434 1132 472 hanc
1158 434 1369 473 historiam
1387 463 1398 484 ‚
1427 441 1469 471 et
1489 435 1578 486 quis
1601 435 1697 473 sue-

223 485 279 520 rit
308 484 378 520 illc
406 484 683 535 Ptolemaeus,
721 491 885 527 omnino
915 505 977 528 me
1007 492 1127 539 latet,
1167 498 1208 528 ct
1239 492 1288 528 de
1319 505 1364 528 ea
1393 490 1599 541 Memphis
1623 505 1698 528 re-

223 539 403 576 bellione
432 542 553 579 silent
583 543 785 582 historiae.
847 547 1070 584 Tentabam
1099 561 1162 584 me
1191 548 1398 585 extricare
1420 547 1613 596 legendo,
1641 543 1699 599 τῷ

224 595 300 646 μὲν
333 599 582 651 ῙΙτολεμαίῳ
613 598 918 653 χειρωσάμενον
946 598 1022 652 τήν
1054 604 1251 654 Μέμφιν,
1281 603 1320 640 id
1348 608 1431 649 est,
1461 604 1534 653 qui
1554 604 1704 640 Ptole-

223 664 340 688 maeo
363 654 539 701 subjecit
559 657 793 706 stlemplzin.
852 659 958 696 Nam
990 659 1243 698 Ptolemaeus
1272 656 1589 708 Philadelphus,
1624 672 1701 696 cu-

223 706 287 757 jus
309 713 495 759 tempore
525 711 632 748 vixit
660 713 730 749 ille
760 714 990 759 Sostratus,
1022 721 1063 752 et
1083 729 1163 766 quo
1188 716 1416 766 imperante
1439 720 1481 751 et
1512 720 1701 765 sumptus

226 764 517 812 suppeditante
542 769 749 806 exstruxit
773 769 883 808 illam
908 768 1109 808 celebrem
1138 773 1288 808 turrim
1318 773 1361 808 in
1391 769 1525 808 Pharo
1555 771 1701 816 insula,

224 818 336 856 inter
373 822 522 858 amicos
553 822 699 862 habuit
737 825 855 863 illum
893 828 1120 864 Sostratum
1155 827 1372 870 Cnidium,
1403 839 1478 863 nec
1505 839 1700 877 unquam,

227 875 339 925 quod
369 877 515 924 seiani,
552 893 627 916 nec
665 881 713 918 ab
744 881 816 920 illo
845 896 920 919 nec
960 884 1007 919 ab
1039 881 1118 920 alio
1152 889 1292 934 captus
1325 887 1400 920 est.
1458 882 1523 918 De
1544 881 1702 931 *Ptole-

226 943 343 968 maeo
373 931 562 970 Cerauno
589 935 728 984 dicto,
760 938 906 975 incidit
935 938 1033 976 mihi
1060 940 1253 990 quaedam
1280 937 1479 988 suspicio,
1506 936 1605 974 haec
1634 938 1703 975 in·-

227 987 448 1036 telligenda
491 1002 603 1035 esse,
642 994 714 1030 sed
752 995 839 1031 sine
881 996 1133 1033 auctoritate.
1200 995 1307 1032 Nam
1347 993 1603 1030 Ptolemaeus
1631 993 1704 1031 ille

231 1041 443 1081 Ceraunus
487 1045 618 1084 dictus
655 1049 722 1086 vir
769 1064 961 1101 praeceps
1000 1051 1101 1099 snit,
1142 1057 1183 1088 et
1223 1050 1273 1087 ad
1314 1050 1478 1087 audacia
1518 1049 1704 1088 facinora

227 1106 468 1150 promptus,
496 1108 537 1138 et
565 1104 664 1154 qui,
696 1119 787 1144 cum
816 1113 915 1144 natu
943 1108 1072 1154 major
1105 1107 1282 1145 filiorum
1310 1105 1533 1143 Ptolemaei
1561 1104 1591 1142 I.
1621 1105 1704 1142 So-

228 1156 328 1191 teris
359 1155 459 1193 dicti
489 1166 616 1207 esset,
643 1174 664 1196 a
693 1163 848 1199 minore
878 1169 975 1200 natu
998 1160 1266 1214 Philadelpho
1295 1162 1580 1212 supplantatus
1607 1161 1704 1198 sue-

227 1217 321 1258 rat,
368 1219 483 1262 patre
521 1219 729 1254 communi
759 1218 925 1255 favente
957 1218 1251 1269 Philadelpho,
1290 1232 1371 1255 non
1403 1217 1574 1262 dubito,
1606 1217 1706 1268 <11²in

229 1267 368 1303 omnia
396 1272 640 1320 tentaverit,
679 1280 725 1311 ut
752 1273 1065 1326 Philadelphum
1095 1275 1335 1325 expelleret.
1394 1271 1534 1323 ltaque
1565 1273 1705 1324 SUSPi-

229 1333 329 1366 cor,
359 1337 450 1362 eum
479 1325 698 1379 Memphin
725 1343 972 1381 occupasse,
1010 1332 1053 1367 in
1083 1344 1160 1382 qua
1193 1330 1380 1368 obsessus
1411 1343 1432 1366 a
1463 1330 1593 1366 fratre
1620 1329 1704 1381 jam

227 1385 425 1426 regnante
454 1380 556 1430 suit,
587 1391 628 1421 et
658 1391 810 1435 captus.
872 1386 951 1423 Sed
983 1393 1142 1434 tamen,
1172 1387 1205 1423 si
1233 1392 1372 1437 captus
1403 1385 1497 1434 suit,
1526 1385 1704 1422 creden-

229 1433 326 1470 dum
359 1441 446 1483 est,
481 1445 604 1487 ,patre
633 1439 765 1478 adhuc
798 1441 965 1479 vivente
995 1443 1252 1489 Ptolemaeo,
1294 1443 1462 1488 Sotere,
1500 1454 1575 1478 seu
1602 1441 1706 1491 Lagi

232 1488 368 1538 dicto,
406 1492 448 1529 id
488 1495 708 1544 accidisse,
749 1498 908 1535 scilicet
944 1498 1022 1549 jam
1057 1498 1241 1549 privato,
1273 1504 1312 1534 et
1341 1503 1537 1547 regnante
1560 1496 1705 1534 Phila-

230 1544 407 1595 delpl1‹›‚
446 1550 511 1587 cui
553 1565 725 1602 regnum
768 1554 1008 1605 reliquerat.
1080 1554 1186 1591 Nam
1213 1554 1247 1590 si
1287 1559 1402 1603 patre
1428 1553 1508 1603 jam
1539 1559 1704 1590 mortuo

230 1601 469 1656 rebellasset
508 1613 549 1645 et
579 1615 719 1658 captus
751 1610 916 1658 suisset,
941 1624 1023 1648 non
1050 1617 1111 1648 est
1141 1610 1360 1657 credibile,
1389 1608 1706 1659 Philadelphum

232 1669 328 1693 euin
356 1659 497 1699 vivum
537 1663 759 1713 dimisisse,
801 1667 870 1717 qui
911 1673 1002 1717 post
1043 1667 1167 1717 patris
1204 1671 1379 1703 mortem
1419 1665 1518 1702 duos
1558 1666 1706 1702 fratres

230 1710 500 1754 Leontiscum
528 1725 569 1756 et
590 1720 792 1770 Argaeum
821 1720 1017 1773 (quorum
1047 1723 1113 1759 hic
1135 1722 1303 1759 ultimus
1333 1735 1386 1758 ex
1409 1721 1547 1758 eadem
1575 1727 1706 1758 matre

231 1767 434 1809 Berenice
467 1780 586 1812 natus
629 1774 730 1828 erat)
762 1778 895 1814 occidi
924 1779 1104 1827 curavit,
1140 1792 1225 1816 non
1253 1784 1334 1814 tam
1365 1777 1600 1828 praecipitis
1632 1789 1710 1813 au-

234 1823 374 1864 daciae
403 1829 540 1879 viros,
580 1844 655 1869 nec
693 1839 804 1870 tanta
833 1835 983 1884 injuria
1010 1835 1189 1875 affectos.
1248 1834 1292 1870 Si
1325 1835 1585 1882 conjecturae
1614 1845 1710 1869 cre-

234 1878 414 1921 dendum
447 1892 531 1933 est,
569 1887 646 1925 ista
669 1887 769 1926 haec
805 1903 894 1926 mea
920 1897 1002 1927 uon
1036 1897 1095 1927 est
1123 1891 1210 1926 sine
1234 1888 1606 1926 verisimilitudine.
1665 1887 1711 1925 Si

235 1936 327 1986 quis
357 1952 482 1990 super
511 1941 588 1980 hoc
613 1944 703 1981 loco
735 1945 911 1982 certiora
940 1945 1148 1993 docuerit,
1187 1945 1331 1995 gratias
1362 1957 1472 1994 agam
1503 1944 1712 1981 lubentis-

232 1991 348 2035 sime.
380 1995 518 2034 PALM.
574 1998 720 2037 Donec
761 2001 836 2037 lux
875 2001 1002 2052 major
1042 2001 1252 2051 affulgeat,
1294 1999 1535 2050 Πτολεμαίῳ
1568 1999 1710 2049 legen-

234 2046 333 2085 dum
364 2063 532 2101 censeo,
561 2068 671 2102 non,
691 2062 749 2093 vut
773 2057 814 2093 in
843 2056 961 2094 libris
991 2064 1075 2104 est,
1112 2058 1386 2107 ΙΙτολεμαῖον.
1414 2057 1568 2093 Narrat
1586 2057 1710 2092 Pau-

233 2108 384 2143 sanias
424 2108 468 2145 in
496 2109 581 2147 Att.
612 2112 686 2148 sub
721 2111 991 2163 Philadelpho
1030 2113 1226 2150 defecisse
1257 2113 1398 2150 Gallos
1425 2111 1712 2159 mercenarios,

234 2164 278 2195 et
303 2162 351 2198 ab
383 2176 430 2200 eo
460 2164 502 2202 in
533 2166 673 2204 Insula
698 2167 787 2204 Nili
814 2168 922 2205 same
950 2176 1223 2220 consumptos.
1266 2169 1399 2213 Vide,
1429 2181 1478 2204 an
1507 2167 1606 2204 inde
1629 2166 1712 2204 ali-

237 2216 337 2266 quid
367 2219 460 2256 elici
488 2223 639 2272 possit,
666 2237 746 2274 quo
776 2223 897 2274 hujus
925 2224 1024 2264 sacti
1055 2231 1191 2276 pateat
1217 2225 1382 2262 veritas.
1411 2225 1568 2261 SoLAN.

351 2276 462 2326 Pag.
486 2277 582 2318 284.
601 2278 627 2317 l.
651 2291 689 2317 2.
730 2275 959 2332 Τριήρεις)
997 2281 1237 2335 Οοηιῦιιειᾳε
1272 2282 1321 2318 ab
1354 2278 1604 2318 Archimede
1630 2276 1713 2316 ho-

235 2326 363 2366 stium
390 2343 529 2376 naves,
558 2347 634 2372 nec
660 2336 918 2373 Plutarchus
940 2337 984 2374 in
1005 2336 1221 2384 Marcello,
1246 2350 1322 2374 nec
1341 2337 1494 2374 Livius
1524 2344 1711 2372 auctores

238 2390 361 2428 sunt,
404 2388 474 2437 qui
507 2394 644 2427 tamen
674 2392 880 2442 praeclara
908 2392 994 2444 ejus
1026 2393 1134 2430 sacta
1166 2392 1258 2429 data
1287 2406 1411 2443 opera
1440 2396 1712 2428 memorantes

238 2436 351 2479 haud
383 2448 539 2481 temere
568 2446 787 2497 quidquam
821 2448 1009 2486 omissuri
1037 2448 1230 2485 censendi
1260 2455 1366 2488 sunt.
1395 2446 1593 2485 Mendum
1625 2459 1713 2483 esse

237 2492 307 2532 hic
336 2498 379 2536 in
409 2514 433 2538 κ
451 2520 506 2526 ——-
533 2504 729 2552 suspicor.
778 2502 836 2540 Ut
870 2510 913 2541 ut
952 2505 1029 2552 sit,
1067 2502 1230 2541 exstare
1261 2506 1451 2543 Venetiis
1479 2502 1616 2539 audivi
1642 2502 1714 2538 in-

241 2557 514 2593 strumentum
544 2559 744 2595 ustorinm
781 2558 830 2595 ad
860 2560 1101 2610 quingentos
1136 2573 1263 2610 usque
1296 2573 1435 2611 passus
1474 2558 1562 2597 vim
1599 2567 1712 2594 suam

241 2619 447 2648 exserens.
498 2612 579 2650 Sed
616 2627 666 2650 an
694 2614 901 2652 veteribus
931 2616 1087 2666 speculi
1116 2617 1261 2653 ustorii
1291 2629 1386 2653 usus
1417 2616 1496 2666 jam
1527 2614 1713 2663 cognitus

238 2662 390 2713 suerit,
431 2681 505 2717 ego
538 2682 633 2706 sane
659 2669 848 2719 ignorare
877 2684 942 2707 me
971 2685 1054 2709 non
1088 2671 1242 2709 invitus
1272 2672 1428 2718 sateor3
1471 2682 1714 2721 quamquam

238 2730 371 2772 nuper
399 2725 731 2764 concionatorem
759 2723 973 2777 audierim,
996 2740 1080 2766 non
1106 2727 1238 2766 infimi
1256 2728 1366 2768 inter
1384 2726 1524 2765 Gallos
1550 2730 1714 2764 nostros
