1819 3198
237 228 334 271 416
683 227 1278 259 ΛυΝωΤΑΤιυλωὸ

353 334 463 374 Ead.
482 333 511 373 l.
535 331 575 371 3.
612 324 846 381 Εὗμαθὴς)
882 326 939 365 Et
970 326 1075 365 haec
1109 325 1252 368 Thom.
1275 327 1399 381 Mag.
1436 323 1592 368 habire
1618 342 1724 370 voce

244 390 350 447 Εὖμ.
381 398 493 429 recte
521 387 682 424 notavit
711 385 853 424 Solam.
884 384 1038 424 Rm'rz.

357 444 563 485 Easl.l.8.
595 436 782 487 Πολλοῦς
805 440 874 480 καὶ
899 444 1032 491 θαυμ.
1059 435 1228 492 λόγους)
1257 439 1379 478 Haud
1409 441 1506 479 satis
1536 440 1722 480 modeste

245 508 383 548 facere
404 501 631 540 Lucianum
648 528 658 546 ‚
689 497 758 549 qui
777 495 876 534 haec
898 495 1161 534 Rhetoricam
1185 497 1390 534 dicentem
1412 497 1606 542 inducat,
1635 511 1721 536 non

248 564 446 606 deerunt,
481 555 552 608 qui
589 555 861 600 arbitrentur3
897 554 1008 590 inter
1045 566 1145 604 quos
1184 566 1257 603 ego
1287 553 1409 591 etiam
1448 554 1609 591 censeri
1639 567 1724 591 non

247 626 457 660 recusem,
487 626 569 649 non
596 612 757 660 ignarus
779 615 915 646 tamen
934 608 1031 660 quid
1058 609 1191 659 regeri
1216 610 1364 659 possit,
1393 623 1541 661 nempe
1563 609 1721 647 L‘ucia-

248 688 348 715 num
379 669 532 708 artibus
573 665 761 704 oratoriis
801 679 895 703 cum
936 665 1062 702 semel
1092 664 1378 713 valedixisset,
1409 666 1559 704 samam
1589 665 1725 713 etiam,

250 743 371 784 quam
409 724 553 763 iisdem
586 722 663 759 sibi
691 721 864 769 fecerat,
904 720 1020 771 parvi
1051 720 1240 764 duxisse,
1279 736 1323 758 ea
1351 722 1435 759 sola
1467 727 1726 765 contentum,

252 799 374 839 quam
401 794 533 819 novae.
551 778 740 816 insistens
770 778 882 824 viae,
910 777 989 814 sibi
1020 776 1106 827 jamv
1131 778 1401 827 comparabat.
1460 778 1571 815 Hinc
1598 778 1722 815 etiam

250 842 455 892 conjicere
493 836 618 878 licet,
660 834 897 884 paucissima
936 846 1033 883 prae
1061 832 1318 883 reliquorum
1357 847 1529 872 numero
1568 834 1726 871 Lucia-

250 899 295 937 ni
324 894 475 944 scripta
507 891 556 928 ab
586 904 634 928 eo
663 889 793 939 edita,
836 903 937 940 quae
975 885 1063 925 tum
1099 889 1252 940 scripta
1290 889 1396 939 sint,
1433 903 1527 928 cum
1565 890 1729 929 fucatae

251 954 315 994 illi
341 948 591 989 Rhetoricae
614 957 779 996 operam
810 945 939 982 daret.
968 944 1126 986 SOLAN,

369 1004 521 1044 Eacl.1.
545 1017 584 1054 9.
612 1003 688 1048 Εἰς
716 996 814 1048 τούς
837 997 1031 1052 φυλέτας)
1067 998 1253 1052 Respicit
1287 1014 1435 1053 nempe
1457 1000 1507 1039 ad
1526 1002 1591 1054 jus
1616 1000 1728 1054 ciyi-

251 1065 345 1104 tatis
373 1060 543 1113 praemii
577 1059 669 1096 loco
707 1057 874 1102 datum,
918 1063 965 1096 ut
993 1056 1081 1094 aliis
1106 1057 1303 1095 bonarum
1332 1059 1483 1095 artium
1510 1057 1730 1109 professo-

250 1122 390 1166 ribus,
417 1118 474 1154 sic
499 1114 751 1152 Rhetoribus
778 1126 940 1166 quoque
967 1126 1011 1149 ac
1042 1111 1269 1164 Sophisfis,
1296 1111 1415 1165 cujus
1443 1114 1560 1165 plura
1582 1127 1728 1151 exem--

251 1178 323 1231 pla
347 1179 442 1212 sunt
467 1171 575 1223 apud
596 1170 926 1217 Plzilostratam3
954 1182 991 1207 v.
1015 1182 1048 1219 g.
1070 1169 1114 1206 in
1133 1169 1288 1220 Hippia
1316 1183 1352 1217 ι,
1379 1182 1444 1208 11.
1471 1171 1516 1207 in
1544 1169 1728 1208 Adriano

251 1246 295 1281 2,
332 1245 396 1279 10,
423 1230 461 1267 3.
491 1229 535 1265 in
564 1225 751 1264 Aristide
773 1238 813 1273 2,
837 1238 877 1276 9,
903 1237 937 1265 1.
960 1225 1031 1262 ubi
1057 1224 1175 1274 plura
1201 1225 1417 1271 olearias,
1447 1239 1651 1278 quemque
1669 1225 1730 1264 ibi

250 1289 393 1329 laudat
422 1283 643 1335 Spanliem.
672 1281 774 1319 Orb.
798 1279 916 1321 Rom.
936 1280 1086 1318 Exere.
1110 1281 1143 1322 I.
1165 1294 1200 1320 c.
1221 1279 1261 1322 4.
1296 1279 1430 1322 GEsN.
1485 1282 1617 1321 Recte
1635 1295 1730 1319 mo-

253 1351 329 1384 net
358 1343 557 1387 Somnus,
593 1351 732 1376 errare
763 1337 975 1375 Olearium
997 1335 1047 1374 ad
1081 1337 1392 1375 Plzilostratmm
1411 1338 1455 1375 in
1484 1338 1572 1378 Vit.
1599 1336 1727 1388 Soph.

253 1401 334 1440 hoc
363 1396 536 1436 Luciani
565 1393 710 1432 eodem
737 1392 980 1430 trahentem.
1039 1392 1327 1444 Adscripserat
1351 1395 1471 1431 etiam
1489 1394 1729 1434 Hemscerlz.

258 1469 356 1495 orae
386 1451 584 1490 Luciani:
610 1455 720 1487 errat
750 1449 885 1486 Olear.
911 1447 962 1485 ad
983 1448 1182 1486 Plzilostr.
1207 1450 1257 1487 V.
1272 1449 1369 1502 S.p.
1390 1450 1488 1499 495.
1513 1450 1594 1489 No.
1609 1451 1646 1488 8.
1675 1450 1731 1488 Et

254 1520 303 1551 ut
333 1524 432 1549 vera
457 1506 648 1559 quidem,
694 1518 797 1557 quae
833 1503 901 1541 hic
937 1510 1054 1541 notat
1072 1505 1284 1542 “Gesnems
1293 1533 1307 1550 ,
1348 1511 1486 1544 tamen
1518 1506 1730 1544 Lucianus

255 1569 378 1607 aliter
415 1565 483 1602 hic
525 1559 648 1603 ludit.
706 1559 931 1598 Rhetorica
973 1560 1125 1611 quippe
1159 1560 1247 1611 ipsa
1282 1561 1383 1599 civis
1420 1561 1611 1599 adsciscit
1652 1563 1731 1600 sibi

254 1624 466 1664 maritum,
496 1619 566 1656 sed
595 1617 873 1669 peregrinum,
905 1613 1123 1669 βαρβάρων
1151 1612 1228 1666 τήν
1256 1613 1416 1668 φωνήν,
1445 1617 1611 1656 Deinde
1629 1632 1732 1670 ope-

255 1694 346 1721 ram
375 1679 466 1724 dat,
509 1681 558 1713 ut
582 1673 808 1712 tribulibus
838 1672 1093 1710 adscribatur
1125 1686 1171 1710 ac
1209 1675 1363 1712 civium
1394 1674 1437 1712 in
1466 1687 1640 1713 numero
1668 1675 1734 1721 sit,

254 1738 283 1776 i.
310 1750 345 1774 e.
376 1741 424 1772 ut
457 1745 510 1768 ex
547 1731 652 1781 Syro
683 1735 724 1766 et
751 1728 933 1766 Barbam
965 1729 1221 1767 Graecorum
1260 1729 1551 1768 disertissimus
1589 1729 1733 1769 haberi

255 1791 397 1844 possit.
453 1787 542 1838 lpse
573 1792 791 1837 propterea
827 1797 860 1821 c.
887 1785 954 1822 50.
986 1783 1056 1825 καὶ
1084 1786 1142 1831 εἰς
1168 1780 1264 1833 τούς
1281 1782 1489 1836 ρΕλληνας
1518 1784 1732 1840 ἐνέγραψε.

254 1848 355 1887 Non
377 1845 501 1896 igitur
539 1843 620 1892 agit
647 1841 699 1878 de
736 1840 828 1891 jure
863 1840 1067 1887 civitatis,
1108 1854 1189 1892 quo
1228 1843 1399 1892 praemii
1436 1843 1528 1880 loeo
1561 1843 1733 1881 donatus

252 1902 398 1943 suerit,
463 1898 588 1948 Quod
617 1897 652 1934 si
683 1909 777 1934 cum
804 1896 1043 1946 impetrasse
1072 1896 1240 1934 aliunde
1265 1898 1434 1948 probari
1465 1905 1610 1950 queat,
1652 1898 1732 1937 alia

253 1973 322 1999 res
351 1956 500 2003 fuerit3
532 1953 630 1990 hinc
656 1953 799 1989 saltem
827 1965 909 1988 non
937 1952 1147 2006 probatur.
1176 1953 1331 1994 Rfflrz.
1358 1955 1359 1958 ’
1629 1981 1641 1998 .,

367 2012 476 2051 Ιύέιῖ.
505 2003 834 2062 Παρενέγραψα)
861 2006 982 2055 Cave,
1011 2006 1090 2044 hoc
1114 2021 1208 2046 cum
1229 2007 1455 2047 clarissimo
1479 2009 1737 2048 Philostrati

255 2071 489 2120 interprete
520 2066 588 2112 (ad
610 2078 699 2116 pag.
723 2062 838 2115 495.)
867 2066 927 2101 sic
952 2063 1177 2114 intelligas,
1216 2072 1261 2103 ut
1290 2066 1335 2103 in
1363 2065 1534 2103 Graecis
1562 2066 1733 2104 urbibus

254 2127 426 2165 civitate
465 2123 638 2160 donatus
671 2121 803 2159 fuerit
822 2151 836 2170 ,
890 2118 1000 2172 quod
1033 2119 1119 2158 illic
1157 2120 1338 2173 Hippiae
1373 2121 1592 2176 contigisse
1627 2122 1735 2173 legi-*-

255 2188 342 2223 tur.
368 2182 525 2218 SOLAN.

369 2236 561 2287 Pag.82.
583 2234 608 2272 l.
632 2246 664 2272 1.
702 2229 1058 2287 Περιστέλλουσα)
1082 2232 1373 2284 Compleetens.
1405 2233 1574 2271 GUYET.
1601 2231 1731 2274 Male.

256 2292 371 2342 Quid
400 2293 508 2330 enim
532 2289 772 2342 complexus
794 2289 845 2327 ad
873 2302 969 2327 eum
994 2289 1183 2327 omnibus
1207 2297 1352 2329 notum
1375 2290 1613 2343 clarumque
1634 2290 1734 2329 red-

256 2348 436 2388 dendum
452 2348 470 2384 ’ἶ
501 2347 656 2387 ΗΕΙΤΖ.
1496 2348 1501 2352 “

368 2404 475 2442 End.
501 2403 527 2440 1.
555 2400 594 2443 5.
627 2395 797 2452 Ἰόνιον)
824 2399 942 2439 Hanc
969 2414 1115 2440 vocem
1142 2401 1391 2450 emaculavi‚
1421 2415 1526 2454 quae
1553 2407 1671 2440 antea
1688 2401 1732 2438 in

254 2459 445 2498 omnibus
479 2472 602 2509 prave
638 2471 712 2508 per
741 2473 775 2497 ω
806 2457 1073 2496 scribebatur.
1111 2458 1273 2498 SOLAN.
1340 2458 1473 2495 Recte
1511 2456 1729 2507 orthogra-

253 2516 392 2566 phiam
433 2514 666 2551 emendavit
709 2514 883 2551 Solanas
921 2520 1084 2552 noster:
1121 2528 1213 2552 nam
1250 2517 1308 2552 ita
1350 2514 1545 2551 scribitur
1579 2507 1732 2559 κόλπος

253 2567 402 2618 Ἰόνιος
425 2569 532 2621 apud
566 2568 745 2617 'l'lmeycL
776 2566 907 2606 Diod.
933 2583 979 2607 ac
1000 2570 1139 2611 Strab.
1197 2571 1256 2608 Et
1288 2570 1422 2608 brevis
1463 2576 1525 2607 est
1552 2569 1731 2606 secunda

255 2643 317 2680 ap.
344 2629 523 2676 Dionys.
564 2625 608 2662 in
637 2624 796 2674 Perieg.
821 2637 860 2662 v.
885 2626 953 2676 94.
1012 2626 1094 2664 Sed
1123 2621 1262 2666 Ἰώιιια
1278 2655 1289 2676 ,
1313 2623 1455 2672 Ἴωνες
1478 2632 1518 2663 et
1542 2620 1732 2672 Ἰωνικός

250 2683 469 2722 secundam
510 2679 662 2718 habent
699 2679 875 2731 longam.
902 2681 1056 2720 Rnwz.
1116 2683 1346 2734 Amplexus
1376 2687 1418 2720 et
1447 2693 1521 2732 ego
1550 2682 1725 2731 castiga-

248 2741 394 2779 tiorem
431 2736 636 2776 scribendi
673 2736 903 2785 tationem,
950 2737 1049 2777 licet
1086 2750 1170 2778 non
1209 2740 1371 2778 varient
1405 2735 1502 2776 h.1.
1544 2737 1655 2786 libri,
1684 2744 1729 2775 ut
