1819 3198
219 236 365 295 ’498
687 247 1319 283 ADNOTATIONEst

262 361 383 401 Hanc
411 371 485 409 ego
521 355 604 408 jam
630 347 1016 403 interpretationem
1051 348 1267 388 restitutae
1299 346 1471 387 lectioni
1508 361 1746 390 accommo-

264 417 376 456 davi.
407 415 551 452 LEHM.

379 476 493 521 Pag.
524 465 660 507 1851.
682 464 721 503 4.
751 457 967 512 Φείδεσθε)
995 460 1045 499 In
1062 460 1122 501 M.
1152 466 1194 498 et
1213 460 1335 512 impr.
1364 462 1603 512 φείδεσθαι,
1635 462 1745 515 quod

269 528 532 568 mutavimus.
582 521 705 559 Ratio
737 519 972 557 mutationis
1006 517 1051 554 in
1092 517 1309 568 propatulo
1341 524 1411 555 est.
1443 518 1599 557 SonAN.
1658 520 1746 557 Imo

268 592 382 625 recte
412 578 668 619 Fritzsclzius
696 575 898 624 Quaestst.
924 588 963 624 p.
990 573 1082 614 132.
1128 572 1384 610 Infinitivum
1418 578 1577 618 tuetur,
1617 574 1748 612 intel-

267 642 375 680 lecta
405 653 427 675 e
457 628 647 687 περιττόν
675 632 764 672 ἐστι
792 628 971 668 formula
997 630 1183 680 opposita
1213 624 1438 681 ἀναγκαῖόν
1466 627 1569 671 ἔστι.
1622 628 1747 679 Quod
1813 638 1819 641 “

270 703 409 735 autem
442 694 635 745 φείδεσθε
678 688 788 726 idem
816 685 1073 724 Fritzsclzms
1103 686 1274 722 Gesner&
1314 699 1476 737 quoque
1515 685 1748 725 auctoritati

269 752 441 799 tribuit,
471 754 580 786 errat
609 751 721 783 tanto
747 743 934 795 gravius,
980 747 1132 793 quanto
1161 741 1309 779 clarius
1341 755 1394 779 ex
1425 742 1511 793 ejus
1537 742 1748 793 interpre-

269 809 427 847 tatione
457 809 595 856 patet,
642 801 848 851 vulgatam
878 798 1098 835 lectionem
1128 797 1177 835 ab
1217 811 1265 835 eo
1300 804 1388 835 tuni
1424 805 1536 836 recte
1570 804 1746 850 captam,

270 871 358 904 tum
386 862 509 900 tacite
537 862 737 898 retentam
767 855 905 892 fuisse.
938 853 1083 891 LEHM.

382 918 486 959 Ead.
512 915 539 953 1.
561 928 600 965 9.
634 907 934 964 Ταμιευόμενοι
952 911 1008 937 ·-’
1031 905 1109 955 τοῖς
1137 903 1295 957 α’λκοῖς)
1327 907 1493 948 Eodem*
1516 909 1638 948 modo
1661 906 1750 949 u‘ti—

266 983 338 1016 tur
359 973 489 1014 Diod.
511 972 593 1010 Sic.
618 970 690 1007 IV.
712 982 747 1007 c.
781 979 844 1008 12.
892 965 957 1003 Ad
995 979 1115 1017 quem
1145 966 1318 1004 PVessel.
1347 965 1429 1005 No.
1459 979 1520 1016 17.
1560 965 1750 1017 pluribus

269 1033 414 1079 docet,
457 1025 646 1078 usurpari
675 1024 725 1062 de
756 1023 955 1061 militibus
988 1035 1073 1059 non
1110 1035 1250 1058 omnes
1290 1021 1396 1060 vires
1426 1022 1560 1072 primo
1589 1022 1750 1074 impetu

270 1085 596 1131 effundentibus,
624 1081 696 1119 sed
721 1078 1078 1131 dispensantibus.
1101 1076 1257 1120 Rmrz.
1313 1076 1526 1127 Addatur,
1553 1078 1748 1117 monente

271 1145 462 1193 Pazclyo‚
491 1138 765 1177 Sclzneideras
786 1135 835 1173 ad
860 1133 1053 1185 Xenoph.
1078 1131 1206 1170 Anab.
1232 1132 1284 1182 II,
1308 1135 1346 1183 5,
1376 1133 1440 1174 18.
1463 1132 1609 1174 LEHM.

271 1234 277 1238 .
386 1198 493 1236 Ead.
512 1196 542 1233 ].
570 1194 634 1235 16.
651 1188 771 1245 ‘'Ooq»
801 1193 883 1238 τις)
908 1191 1089 1241 Sequens
1117 1188 1269 1242 μᾶλλον
1289 1190 1411 1227 etiam
1432 1189 1501 1228 hic
1530 1191 1654 1228 tacite
1674 1203 1746 1228 re-

268 1253 508 1310 petendum.
540 1251 636 1292 Vid.
661 1263 763 1301 quae
788 1247 837 1284 dc
867 1246 940 1283 hac
963 1246 1095 1296 ellipsi
1126 1253 1225 1283 noto
1254 1246 1301 1283 ad
1317 1242 1422 1283 Gall.
1444 1260 1480 1287 c.
1507 1247 1569 1284 18.
1594 1246 1747 1284 Rma-z.

384 1315 494 1360 Pag.
523 1309 613 1356 187.
636 1306 664 1347 1.
689 1319 724 1344 1.
757 1302 842 1353 Τῆς
865 1298 1024 1356 ”Υὸρας
1043 1299 1205 1354 μῦθον)
1226 1302 1301 1338 Est
1325 1302 1393 1338 ubi
1415 1303 1591 1340 multum
1613 1303 1750 1341 inter-

269 1368 336 1415 sit,
363 1363 540 1404 addasne
565 1363 611 1400 in
639 1360 714 1399 hac
744 1359 882 1411 phrasi
910 1358 1025 1410 περὶ,
1055 1371 1106 1395 an
1137 1359 1312 1396 omittas.
1351 1357 1457 1396 Nam
1477 1359 1643 1409 fabula
1660 1359 1750 1396 Ae·-

268 1425 365 1474 sopi
396 1421 496 1469 erit,
526 1432 645 1471 quam
675 1417 746 1454 ille
767 1415 909 1463 finxit,
935 1413 1113 1464 scripsit.
1134 1413 1138 1416 ’
1158 1414 1324 1452 Fabula
1343 1414 1391 1451 de
1410 1416 1574 1466 Aesopo
1600 1411 1748 1464 autem,

271 1494 320 1519 ea
350 1493 387 1517 e.
418 1491 453 1515 c.
477 1489 598 1527 quam
627 1471 837 1511 Phaedrus
867 1469 1037 1521 reliquit
1062 1469 1327 1521 inscriptam,
1368 1467 1558 1521 Aesopias
1587 1470 1748 1510 ludens.

268 1534 351 1574 Sed
366 1534 520 1586 fabula
542 1531 695 1580 vulpis‘,
723 1528 877 1577 hydrae
899 1533 978 1565 etc.
1004 1524 1113 1563 idem
1143 1525 1252 1576 quod
1279 1525 1328 1563 de
1351 1527 1489 1577 vulpe,
1518 1526 1568 1563 de
1591 1525 1748 1576 hydra5

271 1591 367 1644 quia
396 1589 556 1628 nullum
580 1586 641 1624 ibi
667 1585 716 1622 ab
746 1583 1009 1632 ambiguitate
1033 1581 1285 1631 periculum,
1310 1581 1486 1634 ideoque
1515 1580 1621 1620 nihil
1653 1595 1750 1620 mu-

269 1647 379 1694 tavi3
408 1651 449 1683 at
470 1645 506 1682 si
526 1644 666 1695 plures
686 1639 819 1679 Codd.
845 1637 1056 1685 haberent,
1086 1633 1136 1678 τό
1161 1638 1257 1690 περὶ
1277 1639 1518 1690 reciperem.
1551 1637 1748 1676 Ceterum

268 1701 375 1742 illud
402 1702 645 1754 plerumque
664 1695 772 1743 addi,
803 1695 876 1733 ubi
904 1707 1046 1732 sensus
1078 1694 1344 1747 perspicuitas
1372 1693 1415 1730 id
1444 1693 1637 1746 postulat,
1665 1707 1747 1745 pu-

267 1759 401 1798 tidum
432 1757 543 1794 foret
567 1752 769 1801 exemplis
797 1751 958 1788 docere.
989 1749 1089 1788 Vid.
1117 1756 1253 1789 tamen
1280 1749 1331 1787 de
1352 1750 1453 1789 Salt.
1476 1764 1562 1802 cap.
1576 1749 1664 1798 46„
1693 1744 1749 1790 ποῖ

270 1815 367 1867 περὶ
392 1809 593 1864 Ὀρέστην
621 1803 825 1860 δράματα.
863 1806 944 1844 Sed
974 1811 1016 1843 et
1045 1805 1267 1855 negligitur
1296 1805 1363 1844 vel
1391 1819 1483 1844 cum
1511 1806 1747 1844 nominibus

267 1882 562 1923 personarum,
588 1879 671 1902 non
700 1879 727 1902 a
757 1863 827 1900 sed
858 1863 907 1899 de
933 1862 1081 1913 quibus
1108 1861 1246 1899 sabula
1274 1867 1334 1898 est
1362 1862 1609 1912 composita,
1638 1861 1748 1913 apud

268 1928 406 1976 Long.
428 1925 534 1962 Past.
560 1920 586 1958 [.
617 1917 729 1958 haud
754 1919 874 1968 longe
896 1932 917 1955 a
938 1917 1006 1955 fin.
1034 1913 1279 1970 ὠρχήσαντο
1302 1912 1372 1957 τόν
1392 1915 1532 1968 μῦθον
1559 1916 1633 1960 τοῦ
1649 1914 1748 1959 Aoi-

269 1995 423 2035 μωνος.
464 1980 521 2017 Et
542 1978 594 2017 L.
618 1976 691 2014 ΠΙ.
711 1989 749 2026 p.
772 1976 839 2012 88.
870 1972 979 2022 (Ed.
1004 1972 1155 2024 Moli.)
1183 1970 1346 2023 ἤρξατο,
1371 1969 1477 2029 αὐτῇ
1501 1973 1748 2028 μυθολογεῖν

268 2036 341 2079 τόν
370 2035 508 2088 μῦθον
535 2032 610 2081 τῆς
636 2027 805 2086 Ἠχοῧς-
856 2028 999 2068 Unum
1026 2028 1149 2067 habet
1178 2029 1318 2079 Steph.
1351 2043 1405 2067 ex
1435 2031 1578 2080 Apoll.
1608 2021 1744 2067 Rheni.

268 2092 412 2146 μῦθος
431 2091 679 2137 Αἰθαλίδου,
707 2087 927 2137 vertitque,
952 2100 1058 2137 quae
1076 2086 1200 2136 vulgo
1222 2085 1270 2122 de
1295 2085 1517 2140 Aethagisle
1535 2087 1747 2132 dicuntur.

269 2150 352 2188 Sed
379 2156 420 2187 et
444 2149 503 2186 sic
530 2148 703 2186 Aristot.
731 2143 782 2181 de
811 2141 930 2182 Poe't.
949 2155 983 2179 c.
1015 2137 1078 2181 14.
1122 2141 1336 2187 Οἰδίποδος
1361 2140 1524 2192 μῦθον,
1563 2140 1745 2181 fabulam

268 2218 300 2244 s.
319 2203 570 2255 tragoediam
590 2202 639 2238 cle
663 2198 889 2248 Oedipode,
914 2195 1012 2248 (etsi
1033 2197 1138 2235 male
1149 2196 1231 2239 τῶν
1241 2196 1381 2248 μῦθον
1400 2197 1523 2236 habet
1540 2197 1616 2236 Ed.
1629 2199 1742 2236 Lae-

268 2260 433 2310 marii.)
481 2260 622 2308 Quare
653 2256 863 2306 vulgatum
895 2253 1064 2292 minime
1089 2267 1246 2301 moveo,
1275 2255 1352 2291 etsi
1381 2254 1529 2293 vellem
1552 2259 1743 2292 auctores

266 2315 373 2354 hanc
393 2314 665 2354 differentiam
674 2309 907 2349 adcuratius
928 2309 1211 2349 observarent.
1226 2308 1376 2347 Rerrz.
1413 2305 1506 2347 Vid.
1524 2309 1739 2361 Sclzaefhr.
1782 2308 1783 2311 ¹

222 2393 224 2395 ·
267 2372 320 2410 ad
351 2371 543 2422 Soplcocl.
560 2368 698 2417 Antig.
717 2379 759 2407 v.
785 2378 847 2405 ιι.
876 2361 932 2403 εἴ
951 2378 1072 2416 quem
1101 2365 1187 2403 illic
1212 2364 1374 2415 laudat>
1403 2366 1663 2404 Dorvillc'um
1690 2365 1743 2404 ad

269 2427 428 2465 Charit.
453 2440 492 2476 p,
518 2427 611 2474 592-
633 2422 713 2461 Ed.
735 2435 793 2473 pr.
822 2420 961 2458 LEIJM.
1482 2428 1487 2431 ·

378 2483 488 2520 End.
510 2482 540 2521 l.
565 2481 602 2518 5.
644 2475 740 2517 Ἐπὶ
768 2472 900 2529 πυρός
928 2475 998 2517 καὶ
1030 2469 1210 2528 λύχνου)
1249 2476 1359 2526 Quia
1396 2475 1546 2525 video,
1585 2482 1741 2516 tetrum

266 2551 449 2577 errorem
471 2550 525 2575 ex
546 2534 821 2574 salmuriensi
838 2532 914 2571 Ed.
934 2533 977 2569 in
1003 2530 1109 2568 hanc
1139 2533 1368 2583 propagari,
1398 2535 1539 2584 putavi
1561 2546 1740 2571 monen-

264 2594 375 2643 dum,
401 2593 506 2633 male
531 2592 575 2630 in
598 2590 758 2628 Latinis
777 2589 880 2639 legi,
907 2596 954 2625 ut
974 2590 1019 2624 in
1042 2589 1138 2638 igne
1158 2596 1196 2625 et
1217 2589 1333 2639 ligno
1357 2602 1433 2626 usa
1447 2591 1560 2626 venit
1576 2606 1589 2628 .·
1616 2601 1738 2640 quein

263 2648 442 2688 simodo
470 2646 663 2694 attendat,
691 2644 864 2697 quilibet
889 2642 1012 2687 facile
1040 2643 1225 2693 corrigat.
1265 2641 1392 2681 Paulo
1412 2650 1511 2695 post
1532 2658 1615 2682 non
1636 2644 1736 2683 suf..

261 2705 351 2744 ficit
378 2706 514 2745 versio
541 2715 709 2747 eorum,
742 2695 793 2741 οὖ
819 2695 898 2753 γοῖρ
935 2694 1016 2740 ἄπ’
1045 2697 1222 2750 ἰσχυροῖς
1248 2697 1366 2751 οἶμαι
1393 2699 1466 2750 τῆς
1495 2701 1605 2756 ῥίζης
1628 2697 1732 2746 ἆμε-

262 2758 412 2814 φύεῑο,
443 2761 515 2800 ubi
544 2758 691 2798 Latina
718 2756 891 2804 habent,
923 2768 1052 2807 neque
1081 2760 1192 2792 emm
1219 2755 1272 2794 ab
1303 2757 1432 2794 altius
1461 2766 1558 2797 acta
1585 2759 1735 2797 radice
