1819 3198
490 237 562 270 IN
610 238 1150 272 DEPARAsx'rO.
1457 225 1556 273 429

79 356 196 388 esse,
237 338 309 379 sed
339 345 380 378 et
407 338 692 378 universarum
721 352 767 376 ac
793 337 1044 389 singularum
1074 338 1224 377 artium
1253 340 1561 391 praestantissi-

78 413 202 438 mam.
257 398 297 436 Is
325 396 492 448 itaque,
523 393 593 447 qui
622 394 882 432 Parasiticam
910 394 976 432 hic
1007 402 1339 445 propugnaturus
1369 403 1454 446 est,
1483 411 1558 435 ro-

81 461 196 505 gatus
224 452 334 490 unde
368 453 504 499 vivat,
547 464 590 488 se
622 464 785 502 quoque
814 450 1038 502 respondet
1074 452 1222 488 callere
1261 459 1414 496 artem,
1456 467 1560 505 quae

77 512 158 548 sibi
187 511 340 547 victum
374 513 581 560 praestet,
611 507 805 544 nimirum
834 506 1110 547 Parasiticam.
1168 507 1372 545 Miraculo
1401 509 1465 546 rei
1493 516 1559 546 at-

81 567 240 604 tonitus
271 565 376 602 alter
405 564 488 611 ille,
516 568 645 612 rogat,
677 562 830 614 Ecquis
859 560 1034 609 tandem,
1064 562 1143 600 nisi
1167 563 1329 611 furens,
1361 565 1558 602 Parasiti-

84 636 171 659 cain
199 620 414 672 appellarit
440 618 600 656 artem?
630 618 870 669 Respondet
900 619 1102 655 Parasitus
1128 632 1163 658 c.
1186 631 1224 656 2
1257 616 1432 673 ’‘Eywyz.
1460 621 1500 661 εἰ
1517 617 1562 661 δέ

82 693 151 719 σοι
171 678 398 741 μαίνεσθαι
426 673 534 716 δοκῶ
571 672 645 715 τοῦ
686 691 743 724 μη
773 674 816 715 δὲ
842 675 942 727 μίαν
970 671 1095 723 ἄλλην
1124 674 1376 716 ἐπίστασθαι
1403 676 1559 742 τέχνην,

85 728 216 783 αὐτην
244 733 384 772 αἰτίαν
413 729 515 771 εἷναί
540 746 613 776 μοι
638 747 714 779 την
740 732 890 782 μανίαν
919 728 1041 777 δόκει,
1067 733 1144 771 καί
1166 745 1216 783 με
1244 731 1326 773 τῶν
1342 728 1561 786 ἐγκλημά-

85 805 171 829 των
199 785 282 838 ἤδη
306 785 432 840 ἀφίει
489 786 740 838 Neutiquam
771 785 838 824 hic
874 786 1099 824 audiendus
1137 779 1385 836 Marc-ilias,
1423 789 1562 839 legens

82 860 121 896 p.
144 850 237 884 dio,
260 844 335 882 Ed.
358 845 489 884 Amst.
520 842 598 892 τῆς
627 844 789 894 μανιᾞας
847 843 994 895 Neque
1026 843 1081 891 id,
1110 842 1219 895 quod
1248 845 1320 881 ille
1349 845 1454 889 vult,
1484 858 1560 894 pa-

83 907 146 939 tet
169 915 222 938 ex
250 900 525 951 sequentibus.
585 899 697 948 Quin
734 898 960 937 attendenti
1000 905 1110 949 patet
1142 901 1404 938 contrarium.
1461 900 1563 939 Post

85 955 195 998 δοκῶ
227 957 358 1007 posito
388 961 604 1002 commate,
633 953 733 992 haec
761 956 887 993 verba
910 956 967 993 ita
990 955 1142 995 redde:
1198 956 1247 992 Sl
1278 965 1414 994 autem
1440 956 1564 995 insa-

86 1016 176 1050 nire
197 1012 276 1050 tibi
303 1013 465 1055 videor,
508 1013 700 1048 existima
729 1013 943 1048 insaniam
967 1010 1074 1049 milli
1103 1025 1185 1049 esse
1207 1026 1416 1061 caussam,
1452 1012 1564 1065 quod

88 1070 224 1106 altam
248 1077 378 1106 artem
396 1082 478 1105 non
501 1068 705 1110 ealleam;
735 1081 860 1118 quare
885 1070 998 1104 omna·
1021 1081 1082 1105 me
1104 1070 1230 1119 culpa
1249 1068 1407 1106 liber-‚es
1439 1070 1562 1119 Quo-

88 1125 198 1162 niam
228 1137 376 1175 nempe
396 1123 550 1161 insania
575 1136 735 1161 onmem
759 1123 922 1172 culpam
943 1137 1058 1160 secus
1080 1124 1280 1162 sactorum
1311 1124 1394 1162 sola
1418 1131 1459 1163 et
1481 1138 1564 1163 una

86 1179 258 1228 habeat3
288 1186 335 1217 ut
353 1180 552 1232 sequitur,
578 1178 682 1229 φασῖ
701 1194 780 1231 γαρ
801 1193 878 1228 την
899 1178 1072 1230 δαίμονα
1091 1177 1249 1230 ταύτην
1269 1179 1463 1231 (μανίαν)
1483 1188 1564 1221 etc.

89 1235 229 1284 Patet,
269 1234 368 1274 haec
398 1235 533 1274 omnia
572 1234 620 1272 ad
644 1235 799 1286 μανίαν
834 1248 919 1272 esse
947 1233 1186 1284 1eferenda,
1233 1250 1335 1287 quae
1373 1236 1563 1275 furentes

87 1292 234 1330 reddat
259 1289 547 1342 inculpabile33
580 1297 626 1328 ut
644 1297 752 1342 xquae
781 1289 992 1330 hominum
1024 1298 1180 1330 mentes·
1212 1298 1402 1344 tanquam
1431 1293 1566 1344 magi-

89 1354 172 1386 stra
203 1362 276 1398 pro
305 1362 378 1385 suo
408 1347 580 1384 arbitrio
606 1352 771 1394 tractet,
811 1347 853 1384 in
892 1361 934 1385 se
964 1361 1126 1386 omnem
1156 1348 1316 1399 culpam
1345 1363 1566 1399 arcessens,

88 1404 221 1441 veluti
255 1404 373 1454 culpa
403 1417 542 1440 eorum
575 1403 797 1451 vitiorum,
825 1416 927 1455 quae
957 1402 1148 1455 discipuli
1177 1418 1199 1442 a
1225 1406 1563 1456 praeceptoribus

88 1460 315 1508 imbibunt,
354 1473 477 1511 penes
508 1460 718 1508 magistros
749 1464 822 1498 est.
884 1459 1225 1511 Quandoquidem
1256 1460 1398 1514 itaque
1420 1462 1566 1500 Simon

90 1515 162 1563 (id
189 1529 340 1553 nomen
371 1521 432 1552 est
464 1514 676 1562 Parasito)
710 1514 830 1566 plane
868 1528 952 1553 non
989 1515 1218 1554 dissimulat
1255 1530 1298 1554 se
1324 1518 1567 1567 Parasitum,

95 1572 178 1609 Ubi
198 1585 306 1622 ergo,
335 1570 470 1622 inquit
495 1569 737 1621 Tychiades,
767 1584 870 1621 opus
893 1573 970 1609 erit
993 1580 1029 1609 te
1051 1573 1196 1610 alic-ui.
1226 1574 1300 1624 qui
1321 1582 1360 1611 te
1379 1587 1463 1611 non
1487 1588 1568 1611 ηο-

90 1629 158 1674 rit,
190 1628 457 1693 significare,
490 1627 796 1677 appellabimus
823 1635 860 1664 te
881 1627 1144 1668 Parasitum.
1200 1628 1442 1679 Respondet
1469 1627 1565 1668 ille:

90 1678 210 1723 Πολυ
246 1680 400 1733 μᾶλλον
433 1681 553 1723 τοῦτο
587 1682 767 1735 λέγοντες
804 1682 895 1731 ἐμὲ,
944 1679 972 1732 ἢ
1009 1685 1180 1725 Φειδίαν
1218 1680 1566 1736 οἷγαλματοποιόν.

90 1739 223 1791 χαίρω
252 1753 331 1790 γαρ
360 1737 409 1793 τῇ
437 1738 559 1793 τέχνῃ
593 1736 709 1779 ου’δεν
738 1754 779 1778 τι
803 1733 950 1787 ἦττον,
976 1735 1003 1789 ἢ
1034 1740 1201 1788 Φειδίας
1230 1739 1367 1793 ἔχαιρε
1393 1740 1452 1795 τῷ
1478 1742 1564 1783 Διΐ.

90 1795 262 1832 Planum
288 1800 370 1838 est,
406 1794 506 1832 haec
542 1795 668 1831 verba
706 1808 792 1831 esse
831 1795 1001 1839 mutila,
1043 1802 1084 1833 et
1112 1797 1313 1834 excidisse
1344 1798 1425 1835 tale
1453 1798 1565 1849 quid,

91 1850 210 1901 quale
240 1851 466 1901 interpres,
506 1851 574 1901 qui
602 1849 758 1887 hiatum
790 1852 938 1894 sensit,
979 1848 1158 1890 addidit:
1195 1853 1282 1891 sive
1310 1852 1566 1906 χαρίσαισθε

91 1903 159 1953 οἳν,
189 1906 277 1944 sive
305 1905 430 1945 aliud.
493 1906 576 1944 Sed
603 1906 682 1944 hoc
706 1907 941 1945 verosimile
968 1914 1052 1957 est,
1090 1908 1223 1959 primo
1250 1911 1344 1960 quia
1373 1909 1491 1948 facile
1515 1911 1568 1949 ob

90 1962 210 2000 affine
245 1962 417 2000 verbum
458 1962 594 2014 potuit
627 1975 714 2000 esse
752 1965 1110 2035 praetermissum5
1163 1964 1258 2003 dein
1297 1966 1392 2016 quia
1429 1967 1567 2005 statim

90 2031 254 2069 quoque
281 2018 338 2055 ita
366 2019 575 2069 sequitur,
610 2019 683 2058 και
708 2014 790 2069 μῆν
819 2015 872 2058 ἂν
898 2018 990 2069 ἐμοὶ
1018 2019 1170 2071 μᾶλλον
1198 2022 1408 2073 χαρίζοιο,
1444 2024 1485 2059 si
1512 2023 1574 2060 acl

90 2088 152 2110 me
170 2073 367 2116 scribens,
394 2074 526 2114 dieas·
553 2075 787 2114 ΣΙΜΩΝ]
811 2078 1154 2125 ΠΑΡΑΣΙΤΩ,
1183 2074 1210 2126 ἠ
1237 2079 1373 2118 Δίωνι
1397 2074 1572 2130 ἐπιγρα-

93 2144 186 2180 <pam
218 2131 539 2170 ΦΙΛΟΣΟΦΩ.
610 2129 836 2167 Commode
876 2143 973 2180 ergo
1012 2133 1069 2169 ita
1085 2132 1358 2198 supplendus
1399 2140 1461 2171 est
1498 2134 1567 2171 hic

90 2186 229 2230 locus,
259 2182 365 2225 πολύ
395 2184 549 2237 μᾶλλον
576 2183 694 2226 τοῦτο
725 2184 911 2237 λέγοντες
938 2187 1025 2239 ἐμὲ,
1068 2183 1096 2237 ἢ
1126 2189 1299 2229 Φειδίαν
1332 2184 1569 2241 ἀγαλματο-

92 2235 235 2287 ποιόν,
261 2241 510 2292 χαρίσαισθε
536 2258 611 2290 αν,
642 2255 728 2278 rem
751 2242 1060 2293 milzijeceritis
1078 2244 1206 2281 multo
1225 2247 1477 2295 gratiorem,
1506 2259 1568 2283 me

90 2299 153 2334 sic·
175 2298 458 2344 nominantes,
487 2311 613 2348 quam
640 2297 902 2335 Statuarium
926 2298 1132 2337 Phidian.
1162 2300 1280 2342 JrNs
1337 2301 1470 2339 Deam
1491 2303 1569 2339 In·-

92 2354 260 2390 saniam
279 2351 329 2389 ad
353 2354 589 2403 exemplum
613 2353 772 2399 Πενίας
796 2351 1024 2391 Platonicae
1047 2354 1236 2393 aNostro
1257 2356 1394 2407 jocose
1414 2356 1570 2407 fictam,

92 2413 135 2445 et
171 2408 304 2458 ipsum
343 2409 582 2446 vocabulam
622 2407 694 2458 τῆς
722 2408 914 2460 δαίμονος
950 2410 1147 2449 Platonici
1187 2424 1276 2450 esse
1304 2426 1425 2463 usus,
1462 2414 1566 2451 scite

91 2464 325 2502 observavit
357 2466 629 2503 thelandias
657 2464 707 2503 ad
736 2463 780 2502 h.
810 2465 838 2504 l.
895 2464 1091 2505 Ceterum
1119 2468 1162 2505 in
1188 2470 1453 2520 sequentibus
1480 2471 1569 2516 τοῖς

91 2518 234 2573 ε’χουσι
257 2519 462 2558 redditum
493 2525 581 2558 erat
604 2534 645 2558 se
665 2520 926 2570 habentibus,
957 2522 1144 2570 fortuito,
1175 2524 1218 2561 ni
1243 2525 1381 2573 fallor,
1412 2538 1565 2564 erroie.

92 2575 198 2613 Nam
228 2589 269 2613 se
299 2582 410 2614 certe
437 2577 612 2614 alienum
635 2581 734 2625 erat,
762 2590 816 2614 ex
839 2578 1109 2628 praecedente
1137 2593 1239 2617 voce
1268 2594 1366 2626 esse,
1397 2581 1432 2618 si
1452 2586 1566 2619 rede

91 2632 288 2680 conjicio,
325 2637 481 2670 temere
509 2632 747 2683 repetitum.
802 2633 934 2671 Deam
973 2634 1175 2673 Insaniam
1205 2635 1412 2673 inveneris
1441 2638 1565 2674 etiam

92 2686 200 2737 apud
229 2687 439 2726 Ovidium.
471 2687 687 2727 Metamm.
709 2687 783 2733 IV,
810 2686 908 2729 484.
947 2690 1193 2742 Tisiphones
1216 2693 1408 2731 comitem
1439 2693 1562 2730 simul

92 2755 186 2782 cum
215 2742 373 2783 Pavore
399 2750 442 2784 et
471 2745 666 2783 Terrore.
693 2743 842 2786 Lixum·
