1819 3198
481 249 594 279 Bls
642 245 1094 278 AccusATUs.
1418 236 1484 279 73

205 337 367 392 RHJK.
410 344 471 391 Οὐ
498 343 666 400 μακροέ,
695 340 729 387 ὦ
751 342 796 396 d)
823 340 971 399 ἄνδρες
999 343 1214 394 δικασταῖ,
1241 340 1349 398 πρός
1371 342 1479 398 ὑμᾶς
1495 371 1524 403 ρ,
1548 359 1629 404 817,

89 417 184 471 ἐρῶ.
217 420 278 460 δεῖ
305 413 381 470 γάρ
411 412 504 457 οὐδὲ
534 413 693 455 πολλῶν
718 429 791 464 μοι
821 411 905 453 τῶν
932 407 1074 464 λόγων.
1107 409 1188 454 ἀλλ’
1215 415 1255 454 εἰ
1268 413 1345 465 μὲν
1366 413 1482 467 ε’πῳ-
1516 410 1577 453 21

89 489 179 535 δαῖς
211 503 332 530 τισιν,
363 481 390 533 ἢ
419 480 668 535 φαρμάκοις,
695 477 745 522 ὅν
771 495 902 532 φησιν
929 477 1112 531 ἐραστήν
1138 479 1294 531 ἑαυτῆς
1322 479 1348 532 ἦ
1368 479 1485 525 Στοοῖ

89 551 166 599 τόν
193 550 418 596 Διονύσιον
445 547 752 603 κατηνάγκασε,
792 542 949 598 ταύτης
979 547 1055 600 μὲν
1078 544 1338 602 α’πέχεσθαι,
1378 545 1487 602 πρός

91 617 244 671 ἑαυτήν
280 621 322 661 δὲ
356 615 603 669 οἷποβλέπειν
626 620 666 663 e)
704 612 736 666 ἦ
769 610 951 666 Ἠδονὴ,
988 619 1199 668 φαρμακῖς
1239 613 1292 657 ἄν
1318 612 1487 665 εἰκότως

89 687 227 738 ἔδοξε,
270 688 343 729 καὶ
372 684 528 728 α’δικεῗν
556 683 763 736 ἐκέκριτο,
812 681 880 725 ἐπὶ
907 678 1005 731 τούς
1038 680 1278 736 ἀλλοτρίους
1305 681 1486 737 ε’ραστοῖς

89 752 418 809 μαγγανεύουσα.
460 756 499 794 εἰ
533 754 579 794 δέ
605 768 666 800 τις
693 748 940 804 ἐλεύθερος,
974 752 1018 794 ἐν
1045 751 1249 805 ἐλευθέρᾳ
1280 751 1335 808 τῇ
1358 749 1486 802 πόλει,

88 819 149 877 μή
178 818 526 876 α’παγορευόντων
563 819 648 862 τῶν
678 815 843 871 νόμων,
888 815 967 870 τήν
1003 815 1122 873 napo?
1158 816 1309 870 ταύτης
1337 816 1489 872 οἷηδίαν

89 893 415 946 μυσαχθεῖςῇῥ,
457 890 528 930 καὶ
563 884 615 938 ἦν
647 903 775 940 φησιν
811 887 883 928 ἐπὶ
912 887 1119 940 κεφαλαίῳ
1137 891 1189 939 g)
1226 887 1310 930 τοῖν
1347 885 1489 931 πόνων

89 955 166 1010 τήν
195 955 456 1011 εὐδαιμονίαν
482 956 816 1009 παραγίγνεσθαι
838 954 889 1006 lt)
920 955 1047 1008 λῆρον
1075 957 1247 1006 οἰηθεῖς’,
1289 951 1387 1004 τούς
1414 957 1489 1010 μὲν

88 1023 289 1080 οἷγκὺλους
312 1025 344 1078 ι’)
384 1026 560 1072 ἐκείνους
607 1020 778 1075 λόγους,
830 1025 900 1065 καὶ
944 1024 1216 1076 λαβυρίνθοις
1252 1020 1419 1076 ὁμοίους
1437 1023 1485 1074 k)

89 1091 299 1147 οἷπέφυγε·
328 1089 434 1146 πρός
462 1093 504 1133 δὲ
534 1087 609 1142 τήν
636 1086 784 1141 ἡδονήν
812 1088 990 1142 ἅσμενος
1011 1091 1319 1144 ἐδραπέτευσεν,
1348 1088 1487 1144 ὥςπερ

88 1158 216 1214 δεσμά
254 1177 349 1202 τινα
380 1156 590 1212 διακόψας
612 1158 649 1210 l)
693 1155 774 1207 τοῖς
815 1157 900 1200 τῶν
938 1155 1071 1212 λόγων
1106 1155 1360 1208 πλεκτάνας,
1408 1155 1489 1200 α’ν-

89 1227 294 1283 θρώπινα
325 1228 396 1269 καὶ
433 1224 482 1269 οὗ
510 1222 706 1277 βλακώδη
741 1223 983 1282 φρονήσας·
1023 1226 1096 1269 καὶ
1131 1223 1206 1269 τόν
1235 1227 1307 1280 μὲν
1343 1222 1489 1276 πόνον,

87 1294 191 1350 ὅπερ
220 1297 330 1345 ἐστὶ,
367 1291 574 1347 πονηρόν,
615 1292 757 1346 ἡδεῖαν
785 1295 828 1336 δὲ
858 1289 937 1344 τήν
965 1290 1117 1346 ἡδονήν
1147 1295 1334 1345 οἷηθεῖς,
1377 1291 1486 1337 ἆπο-
1503 1309 1635 1357 P·818·

87 1364 231 1409 κλείειν
257 1362 381 1417 ἐχρῆν
408 1360 560 1414 αὐτόν,
609 1358 747 1417 ὥςπερ
777 1361 821 1404 ἐκ
860 1361 1059 1416 ναυαγίου
1095 1361 1226 1416 λιμένι
1264 1360 1490 1417 προςνεόν-

137 1463 177 1508 d)
203 1459 256 1506 ὦ]
285 1474 387 1504 „non
414 1461 518 1495 habet
540 1460 630 1494 Fl.“
686 1463 724 1505 e)
752 1456 1055 1504 ἀποβλέπειν]
1083 1459 1143 1493 Sic
1170 1459 1275 1494 Gorl.
1298 1472 1364 1504 pro
1389 1462 1486 1505 vulg.

178 1511 326 1553 βλέπειν.
374 1507 404 1550 f)
430 1506 719 1551 μυσαχθεὶς]
747 1509 880 1548 „Recte
904 1508 955 1539 sic
979 1505 1036 1538 Fl.
1059 1507 1151 1544 Par,
1178 1507 1221 1540 V.
1243 1517 1277 1539 2.
1296 1506 1412 1545 Salm,
1436 1509 1490 1552 (et

181 1557 220 1587 B.
242 1555 290 1595 5.)
317 1551 524 1595 ,Μυσαχθὴς
545 1554 574 1585 J.
599 1555 662 1588 J'r.
687 1554 731 1585 H.
755 1554 791 1587 B.
823 1563 853 1585 ι.
876 1564 942 1585 nec
967 1562 1038 1584 non
1063 1551 1107 1582 A.
1136 1562 1165 1584 ι.
1190 1561 1225 1585 et
1250 1563 1287 1586 2.
1339 1555 1380 1597 g)
1406 1565 1490 1597 φη-

180 1611 252 1634 σιν
275 1599 347 1632 ἐπὶ
381 1599 643 1641 κεφαλαίῳ]
679 1598 739 1630 Sic
765 1597 882 1632 Codd.
906 1597 953 1630 G.
976 1597 1017 1630 P.
1041 1605 1074 1628 et
1101 1596 1204 1629 Gorl.
1226 1609 1292 1640 pro
1318 1609 1406 1641 φησι
1429 1610 1490 1631 κε·-

186 1644 352 1691 φάλαιον,
392 1644 488 1686 quod
517 1655 639 1676 omnes
668 1644 835 1677 exhibent
863 1643 955 1676 Edd.
1010 1642 1049 1683 h)
1083 1644 1489 1689 παραγίγνεσθαι]

182 1692 260 1735 ejici
287 1691 402 1722 voluit
429 1690 561 1733 Guyet.
623 1689 655 1734 i)
688 1688 942 1733 ἀγκύλους]
987 1686 1188 1731 ,,ἄγγὺλους
1210 1690 1244 1721 J.
1269 1690 1312 1724 H.
1342 1700 1369 1721 1.
1396 1698 1430 1722 et
1454 1701 1488 1724 2.

182 1737 318 1770 male.“
364 1736 424 1767 Sic
451 1739 555 1768 etiam
582 1734 625 1766 A.
653 1747 684 1769 1.
713 1744 747 1768 et
770 1747 806 1769 2.
861 1735 897 1778 k)
923 1734 1238 1779 λαβυρίνθοις
1270 1732 1487 1780 ὁμοίους]

182 1782 444 1826 ,,λα,·]υρίνθους
465 1779 594 1824 ὁμοίως
614 1781 674 1814 Fl.
697 1781 758 1813 Nil
773 1788 888 1814 mutat
906 1782 972 1814 P.“
1019 1780 1052 1824 1)
1078 1779 1212 1813 διακό
1226 1780 1336 1826 ψας]
1360 1783 1492 1824 „resti-

181 1836 300 1862 tutum
323 1827 363 1862 P.
383 1827 422 1862 L.
445 1825 651 1871 Ἀποκόψας
675 1826 782 1871 Angl.
803 1825 1024 1872 Ἀποῤῥίψας
1047 1824 1140 1860 Edd.
1166 1826 1358 1865 absurde‚“

150 1908 272 1961 Epic.
301 1908 539 1958 Nonlonga
555 1908 665 1960 apud
684 1922 762 1947 vos
818 1908 1091 1956 suavitatem,
1153 1913 1196 1945 et
1237 1921 1360 1959 quam
1409 1921 1490 1960 pro

89 1968 284 2007 oratione
314 1972 434 2013 utar,
465 1967 652 2004 Judices:
683 1978 762 2003 ne-

91 2040 170 2078 que
203 2024 315 2061 enim
347 2024 489 2061 multis
510 2023 615 2061 mihi
637 2035 762 2073 argu-

91 2083 244 2123 menffis
265 2095 369 2133 opus
396 2087 469 2119 est.
503 2082 585 2119 Sed
607 2082 640 2118 si
665 2081 764 2131 qui-

92 2142 187 2179 dem
211 2137 566 2176 incantationibus
589 2138 763 2187 quibus-

93 2199 187 2236 dam
211 2201 283 2233 aut
298 2195 488 2239 venenis,
512 2208 632 2245 quem
649 2208 761 2232 ama-

94 2262 232 2293 torem
262 2266 383 2290 suum
420 2252 524 2290 dicit
554 2253 761 2299 Porticus,

93 2311 362 2360 Dionysium,
385 2310 522 2358 adegit
542 2310 762 2361 Voluptas,

93 2369 144 2407 ab
176 2370 256 2406 ista
285 2373 333 2405 ut
362 2373 596 2417 segregatus
638 2367 688 2404 ad
719 2380 763 2405 se

93 2426 348 2477 respiceret3
399 2425 587 2462 venefica
617 2425 764 2463 videa-

97 2492 168 2523 tur
190 2483 356 2530 merito,
389 2488 432 2519 et
453 2482 673 2520 damnetur
693 2483 762 2520 in-

93 2542 325 2594 juriarum,
359 2553 430 2578 usa
460 2541 659 2577 nimirum
687 2553 765 2577 ve-

96 2598 259 2636 neficiis
290 2599 336 2635 in
366 2603 570 2635 amatores
593 2598 764 2635 alienos.

818 1978 979 2005 summa
998 1965 1192 2004 laborum
1221 1967 1375 2005 venire
1396 1972 1493 2003 tan-

819 2025 915 2063 dem
946 2024 1007 2061 ait
1046 2023 1316 2072 felicitatem,
1360 2035 1492 2073 nugas

821 2095 908 2120 esse
929 2087 1058 2129 ratus,
1091 2082 1260 2118 evitatis
1286 2081 1491 2119 tortuosis

819 2140 903 2178 illis
962 2137 1394 2188 argumentationibus
1449 2143 1494 2175 et

817 2195 1158 2246 labyrinthorum
1186 2195 1406 2244 similibus,
1439 2193 1493 2233 ad

817 2254 1081 2304 voluptatem
1133 2252 1361 2303 transfugit
1421 2251 1493 2290 lu-

818 2310 935 2357 bens,
958 2311 1142 2349 rescissis
1164 2311 1284 2349 velut
1308 2310 1492 2349 vinculis

820 2367 1066 2419 quibusdam
1108 2368 1190 2406 illis
1220 2373 1493 2418 argumento-

822 2438 918 2465 rum
930 2427 1065 2473 cirris,
1086 2424 1302 2463 hominem
1313 2426 1491 2477 sapiens,

823 2496 909 2520 non
929 2484 1131 2535 stipitem,
1164 2490 1206 2521 et
1223 2483 1425 2531 laborem,
1448 2481 1494 2520 id

824 2540 938 2591 quod
977 2548 1063 2589 est,
1105 2542 1282 2590 malum,
1324 2553 1496 2578 suavem

824 2605 964 2636 autem
1006 2599 1267 2650 voluptatem
1311 2597 1496 2636 arbitra-

100 2656 145 2693 Si
179 2656 268 2705 quis
300 2668 406 2693 vero
443 2654 553 2692 liber
582 2656 628 2692 in
660 2656 770 2693 civi-
827 2663 916 2694 tus:
940 2656 1105 2694 huncne
1127 2656 1352 2694 excludere
1365 2668 1497 2706 opor—

100 2718 186 2750 tate
208 2712 354 2759 libera,
386 2712 545 2761 legibus
570 2726 653 2749 non
669 2727 770 2763 pro-
828 2713 956 2760 tebat,
985 2720 1180 2763 tanquam
1203 2727 1256 2751 ex
1276 2711 1495 2762 naufragio

99 2767 356 2818 bibentibus,
383 2783 538 2808 exosus
559 2770 679 2809 istius
703 2770 771 2808 iu-
827 2771 1094 2810 adnatantem
1133 2771 1185 2810 ad
1218 2777 1412 2824 portum,
1453 2772 1496 2806 ct
