1819 3198
456 272 552 306 DE
625 268 1168 304 ornuasxts.
1405 261 1501 305 175

103 375 270 426 νισταῒς.
295 370 481 422 Ἐννοεῗς
506 369 609 428 γοῖρ,
641 368 771 424 οἶμαι,
801 365 852 413 τό
878 365 984 425 μετοῖ
1008 368 1135 414 τοῦτο
1158 368 1219 423 b),
1247 375 1370 428 οἵους
1390 371 1501 424 εἰκός
1517 396 1552 429 p.
1569 383 1648 430 906,

107 443 184 490 σῦν
215 440 360 492 ὅπλοις
395 442 572 486 ἔσεσθαι
602 435 704 488 τοῦς
730 441 803 482 καῖ
828 433 1011 493 γυμνοῑῗς
1039 436 1092 481 ἄν
1118 436 1256 494 φόβον
1289 435 1377 490 τοῖς
1405 445 1501 492 δυς-
1535 436 1600 479 25

105 513 266 569 μενέσιν
296 507 622 564 ἐμποιήσοντας,
662 503 715 551 οὗ
741 507 1024 559 πολυσαρκίαν
1050 503 1202 560 α’ργόν,
1239 510 1310 550 καὶ
1337 507 1501 562 λευκήν,

104 579 134 633 ἢ
159 578 367 634 ἀσαρκίαν
409 574 510 632 μετιὶ
553 572 791 631 ὠχρότητος
831 575 1211 628 ἐπιδεικνυμένους,
1260 578 1328 620 οἷα
1356 596 1502 633 γυναι-

104 648 192 692 κῶν
222 643 394 700 σώματα
421 642 502 687 zinci
532 645 632 699 σκιᾷ
655 640 973 699 μεμαρασμένα,
1015 644 1242 697 τρέμοντα,
1288 647 1432 701 ἱδρῶτί
1459 666 1500 691 τε
1523 663 1557 698 p.
1573 665 1653 703 907.

103 713 237 765 εὖθύς
260 712 398 769 πολλῷ
417 711 454 766 c)
483 709 652 767 ῥεόμενοι
671 713 743 765 d),
783 713 854 754 καὶ
879 707 1176 764 α’σθμαίνοντα
1206 709 1292 756 ιῖπό
1315 715 1377 770 τῷ
1400 713 1507 771 κρά-

105 800 195 834 νει,
233 785 305 826 καὶ
337 779 513 837 μάλιστα
554 777 609 832 ἢν
636 783 707 822 καῖ
735 776 759 821 ὅ
788 776 927 832 ἥλιος,
969 777 1103 836 ὥςπερ
1135 780 1232 831 νῦν,
1269 777 1319 824 τό
1344 799 1508 839 μεσημ-

105 848 257 908 βρινόν
284 849 488 907 ἐπιφλέγῃ.
533 849 596 898 οἷς
624 849 665 891 τί
691 846 743 890 όῖν
769 865 834 897 τις
868 844 1070 904 χρήσαιτο
1107 849 1292 903 διψῶσι,
1336 852 1405 894 καὶ
1433 850 1508 896 τᾶν

106 916 326 973 κονιορτόν
350 915 425 961 οὐκ
451 915 734 972 α’νεχομένοις,
774 916 845 959 καὶ
868 918 909 958 εἰ
935 917 1037 971 αἷμα
1067 918 1220 965 ἴδοιεν,
1261 915 1394 970 &53:34-
1428 939 1507 964 τα-

109 987 396 1043 ραττομένοις,
423 987 504 1028 ’καῖ
529 981 963 1039 προαποθνήσκουσι,
1003 986 1100 1039 πρὶν
1131 983 1245 1035 ε’ντός
1267 989 1411 1037 βέλους
1436 1005 1507 1044 γε·-

108 1055 286 1106 νέσθαι,
315 1055 384 1098 καὶ
415 1057 473 1103 εἰς
496 1055 634 1110 χεῖρας
662 1051 798 1094 ἐλθεῖν
827 1055 914 1101 τοῖς
935 1054 1159 1105 πολεμίοις.
1194 1050 1314 1098 οὗτοι
1341 1057 1383 1098 δὲ
1409 1057 1508 1112 ἡμῖν

109 1119 348 1177 ὑπέρυθροι
388 1122 433 1171 ἔς
468 1119 517 1164 το“
555 1117 806 1175 μελάντερον
840 1116 925 1162 ὑπό
959 1120 1035 1163 τοῦ
1065 1119 1183 1172 ἧλιόυ
1212 1126 1508 1178 κεχρωσμένοι,

109 1193 180 1234 καὶ
208 1189 467 1244 ἄρ’ῥενωποῖ,
497 1186 604 1232 πολι)
633 1186 679 1230 τό
707 1188 897 1243 ἔμψυχον
917 1189 983 1240 e),
1021 1190 1093 1231 καὶ
1115 1187 1299 1243 θερμὸν,
1336 1197 1407 1236 καὶ
1435 1191 1509 1235 α’ν-

109 1257 262 1312 δρῶδες
289 1258 586 1312 ἐπιφαίνοντες,
618 1253 823 1307 τοςαύτης
848 1253 1006 1306 εὐεξίας
1034 1254 1309 1308 α’πολαύοντες
1328 1262 1384 1311 f,
1416 1260 1512 1305 οὔτε

111 1327 258 1383 ῥικνοῖ,
288 1328 358 1368 καὶ
384 1322 716 1377 κατεσκληκότες,
743 1323 839 1382 οὔτε
867 1328 1136 1377 περιπληθεῖς
1162 1325 1205 1374 ε’ς·
1223 1324 1370 1380 βάρος,
1405 1327 1510 1372 α’-λλοέ

110 1396 154 1442 ἐς
181 1391 230 1436 τό
259 1390 489 1449 σύμμετρον
514 1393 891 1450 περιγεγραμμένοι,
919 1390 967 1434 τό
995 1395 1069 1446 μὲν
1099 1392 1264 1450 οἷχρεῖον
1292 1395 1375 1439 ταῖν
1404 1414 1512 1454 σαρ-

108 1460 214 1512 univ,
259 1464 331 1504 καὶ
363 1460 582 1517 περιττόν,
635 1464 721 1512 τοῖς
760 1461 928 1517 ἱδρῶσιν
956 1458 1289 1515 ἐξαναλωκότες·
1330 1462 1354 1505 ὃ
1391 1467 1433 1507 δέ
1456 1467 1510 1519 g)

111 1527 236 1586 ἰσχῦν
263 1533 334 1574 καῖ
361 1527 486 1573 τόνον
513 1532 729 1588 παρεῖχεν,
765 1529 910 1584 α’μιγές
947 1529 1022 1572 τοῦ
1058 1527 1223 1584 φαύλου
1256 1537 1512 1587 περιλελειμ-

161 1616 201 1663 b)
221 1616 386 1662 τοῦτο]
415 1617 565 1660 ,,τούτου
589 1619 664 1651 Μ.“
711 1620 746 1664 c)
772 1614 915 1655 εὕθὺς
938 1618 1106 1663 πολλῷ]
1138 1606 1280 1662 ,,πολλῷ
1307 1618 1421 1658 εὗθὺς
1439 1622 1514 1654 M.“

208 1664 248 1705 d)
275 1662 499 1710 ῥεόμενα]
529 1665 678 1709 ,ῥέοντα
699 1665 743 1697 V.
768 1677 801 1697 2.
829 1673 862 1697 et
882 1676 994 1707 marg.
1016 1665 1059 1697 A.
1088 1677 1118 1699 1.
1158 1663 1300 1699 Ῥέονδα
1322 1667 1353 1702 J,
1375 1667 1515 1710 Vulga-

204 1718 282 1743 tum
302 1719 413 1743 servat
432 1712 507 1744 M.“
557 1714 590 1753 e)
614 1710 844 1755 ἔμψυχον]
872 1710 1047 1755 ,,εὗψυχον
1062 1712 1094 1746 J.
1115 1712 1206 1746 sola.
1254 1713 1283 1755 f)
1306 1712 1514 1746 ἀπολαύ-

207 1755 351 1800 οντες]
391 1754 686 1799 ,,ιίπολάμποντες
709 1758 763 1789 W.
798 1757 857 1790 Nil
882 1764 998 1790 mutat
1019 1756 1105 1792 Fl.‘⁴
1142 1757 1224 1790 Vid.
1244 1757 1379 1794 Aduot.
1427 1763 1465 1802 g)
1490 1759 1513 1793 ὃ

203 1801 272 1847 δὲ]
300 1801 342 1834 ’τὸ
369 1801 406 1835 δὲ
430 1804 557 1835 mallet
577 1802 654 1838 Bel.
680 1802 778 1846 quod
799 1802 968 1846 equidem
986 1803 1048 1846 qui
1066 1804 1142 1836 fieri
1160 1805 1283 1848 possit,
1306 1816 1378 1837 non
1397 1806 1511 1842 video.

112 1889 156 1922 et
184 1883 427 1922 robustiora
459 1884 784 1934 reddiderimus,

114 1949 158 1979 et
177 1941 300 1990 levia,
330 1948 371 1979 et
389 1942 652 1980 contentioni
676 1949 784 1994 apta,

114 2006 158 2037 et
188 1999 241 2036 ob
281 1999 325 2037 id
356 2000 493 2050 ipsum
535 2003 679 2050 gravia
709 2000 784 2039 ad-

112 2057 325 2096 versariis.
358 2058 489 2097 Vides
512 2059 638 2107 enim,
663 2064 782 2110 putO,

111 2114 214 2166 quid
239 2120 461 2165 sequatur,
502 2116 641 2166 quales
663 2116 784 2154 futu·-

113 2186 184 2212 1·os
213 2185 307 2210 esse
348 2178 527 2210 armatos
561 2172 782 2224 probabile

115 2231 192 2278 sit,
235 2229 305 2279 qui
337 2230 440 2268 nudi
475 2231 600 2268 etiam
624 2236 784 2268 metum

113 2287 306 2326 hostibus
336 2287 550 2339 injiciant:
596 2289 665 2338 qui
698 2300 786 2325 non

112 2345 273 2397 pigram
294 2346 432 2383 carnis
454 2346 671 2396 albamque
693 2359 788 2383 mo-

113 2402 210 2451 lem,
233 2416 370 2453 neque
393 2404 587 2454 pallidam
611 2404 787 2441 maciem

117 2472 216 2511 prae
247 2474 290 2499 se
313 2460 476 2510 ferant,
521 2461 658 2512 qualia
688 2466 787 2499 sunt

118 2519 340 2557 mulierum
373 2531 552 2571 corpora
572 2520 617 2557 in
641 2518 789 2557 umbra

118 2578 426 2626 marcescentia,
456 2578 693 2625 trementia,
715 2590 788 2614 su-

119 2631 222 2669 dore
253 2635 388 2672 statim
422 2636 556 2673 multo
598 2634 787 2681 fluentia,

119 2695 162 2727 et
202 2689 394 2740 spiritum
447 2692 671 2731 difficulter
710 2691 786 2729 sub

120 2747 233 2795 galea
263 2747 494 2797 trahentia,
536 2749 787 2802 praesertim

120 2806 154 2842 si
178 2804 304 2844 ctiam
327 2806 402 2856 sol,
436 2814 482 2847 ut
501 2821 637 2857 nunc,
674 2807 786 2846 circa

841 1883 1064 1923 meridiem
1123 1891 1283 1924 aestum
1344 1894 1514 1937 augeat:

842 1943 993 1993 quibus
1016 1943 1115 1993 quid
1136 1943 1296 1982 facias?
1326 1946 1514 1983 sitienti-

841 2000 941 2049 bus,
971 2001 1195 2052 pulverem
1225 2015 1310 2040 non
1332 2004 1515 2042 serenti-

841 2058 941 2107 bus,
974 2059 1044 2109 qui
1067 2059 1120 2097 ad
1140 2060 1275 2098 solum
1303 2060 1516 2111 sanguinis

841 2122 1112 2168 conspectum
1151 2116 1382 2157 turbentur
1427 2125 1515 2156 sta-

838 2174 931 2222 tim,
961 2174 1384 2225 praemorianturque
1404 2181 1516 2225 ante,

843 2245 966 2283 quam
988 2230 1100 2269 intra
1122 2233 1196 2270 teli
1219 2233 1375 2284 jactum
1399 2240 1441 2271 et
1463 2233 1516 2273 ad

844 2302 990 2327 manus
1003 2287 1195 2327 hostibus
1210 2290 1421 2328 venerint.
1453 2291 1516 2330 At

843 2346 890 2385 hi
902 2346 1023 2384 nobis
1045 2346 1327 2396 rubicunduli‚
1350 2348 1516 2388 fuscum

845 2417 868 2441 a
889 2403 976 2441 sole
1002 2404 1187 2443 colorem
1211 2404 1439 2455 trahentes,
1472 2413 1516 2445 et

843 2461 960 2501 virili
974 2462 1173 2513 adspectu
1193 2461 1382 2514 juvenes,
1405 2464 1518 2503 mul-

844 2525 935 2557 tum
948 2520 1088 2567 animi,
1121 2520 1337 2570 etcaloris,
1360 2528 1403 2560 et
1423 2524 1517 2561 vir-

845 2577 948 2615 tutis
975 2577 1257 2627 ostendentes,
1289 2579 1390 2617 boni
1412 2579 1515 2617 adeo

842 2633 1010 2672 habitus
1023 2635 1166 2673 fructu
1176 2636 1416 2686 gaudentes,
1438 2650 1517 2674 ne-

844 2705 924 2742 que
955 2692 1096 2742 rugosi
1128 2699 1251 2744 atque
1274 2694 1405 2742 aridi,
1437 2708 1517 2731 ne-

845 2763 925 2800 que
949 2763 1022 2787 sua
1042 2749 1120 2788 sibi
1139 2751 1247 2788 mole
1259 2764 1418 2802 graves,
1443 2751 1517 2790 sed

842 2806 896 2846 ad
924 2807 1077 2863 justam
1113 2809 1228 2859 quasi
1265 2809 1516 2861 proportio-
