1819 3198
432 243 563 287 nn
634 243 1179 279 GYMNA81IS.
1428 236 1523 279 167

235 347 366 387 ΣΟΛ-
420 339 580 386 Οὐκοῦν
614 341 686 385 δια
723 342 920 398 βραχέων
954 343 1219 398 προακοῦσαι
1255 343 1336 400 χρῆ
1373 361 1443 399 σε,
1489 366 1566 402 ap
1580 370 1662 402 900·
1697 382 1720 389 ,.

121 412 219 465 περι
256 409 412 459 πόλεως
450 410 522 451 καῖ
555 410 732 453 πολιτων
767 408 862 464 ἡμῖν
899 413 1020 454 δοκεῖ.
1055 410 1173 454 πόλιν
1208 430 1290 468 γαρ
1327 410 1444 466 ημεῖς
1467 413 1518 457 οὗ
1554 409 1619 452 20

122 497 174 521 τα
203 476 508 533 οικοδομήματα
541 476 756 533 ἦγοιὲμεθα
785 479 896 528 εἶναι,
928 480 1016 521 οἷον
1044 481 1181 536 τείχη,
1208 485 1279 523 καῖ
1309 479 1415 536 ἷερα,
1443 484 1515 524 καῖ

123 550 390 600 νεωςοίκους,
431 543 532 591 ἅλλοῖ
565 546 699 589 ταῦτα
733 548 807 602 μὲν
838 544 971 601 ὥςπερ
1008 544 1129 601 σῶμοῖ
1155 566 1195 591 τι
1221 551 1403 603 ἑδραῖον,
1447 551 1518 592 καὶ

121 613 320 668 α’κίνητον
353 612 565 670 ὑπάρχειν
601 616 644 665 ἒς
675 613 880 672 ὕποὸοχὴν
916 618 988 659 καὶ
1023 611 1255 669 alwoltum
1287 617 1370 660 τῶν
1399 623 1517 661 πολι-

119 686 360 736 τευομένων,
390 682 439 728 τό
461 686 505 727 δὲ
533 683 618 726 πᾶν
644 684 769 740 κῦρος
791 685 836 726 ἐν
850 686 933 733 τοῖς
953 686 1142 734 πολίταις
1164 684 1385 740 τιθέμεθα.
1412 683 1516 729 τού-

117 767 216 800 τους
243 748 322 806 γάρ
352 751 458 795 εἶναι
486 749 587 800 τούς
610 748 982 808 ἀναπληροῦντας,
1008 755 1076 795 καὶ
1102 752 1412 803 διατάττοντας,
1442 756 1516 797 καῖ

116 819 398 869 ἐπιτελοῦντας
426 823 602 869 ἕκαστα,
644 823 715 862 καὶ
753 819 1046 875 φυλάττοντας·
1088 818 1174 863 οἶόν
1200 839 1239 863 τι
1268 822 1313 864 ἐν
1347 819 1447 876 η’μῗν
1469 820 1511 877 b)

114 886 271 942 ἑκάστῳ
294 890 405 932 ε’στῖν
427 886 457 941 η’
481 884 614 943 ψυχή.
641 889 765 932 τοῦτο
792 886 842 940 δή
869 893 1003 932 τοίνυν
1030 886 1379 942 κατανοήσαντες,
1419 890 1514 932 ε’πι-

113 954 353 1011 μὲλοῦμεθα
383 956 477 1010 μὲν,
525 954 581 1005 οἷς
610 953 739 1012 ἇρᾷς,
780 957 852 999 καῖ
885 959 962 1000 τοῦ
1001 956 1196 1012 σώματος
1235 957 1308 1009 τῆς
1345 956 1513 1008 πόλεως,

116 1024 474 1079 κατακοσμοῦντες
507 1021 636 1074 αὐτό,
686 1020 742 1073 αἶς
768 1023 986 1069 κάλλιστον
1014 1025 1110 1080 ἡμῖν
1138 1029 1222 1078 εἴη,
1268 1025 1440 1067 ἔνδοθέν
1469 1040 1513 1067 τε

114 1091 417 1148 οἰκοδομήμασι
457 1095 864 1147 κατεσκευασμένον,
906 1096 979 1137 καῖ
1001 1098 1090 1143 ταῖς
1116 1094 1320 1136 ἔκτοσθεν
1341 1100 1379 1140 c)
1409 1092 1513 1136 ταύ-

113 1179 204 1211 ταις
237 1164 502 1216 περιβολαῖς,
552 1163 595 1210 ἐς
630 1157 678 1203 τὸ
713 1158 1002 1214 οἷφαλέστατον
1035 1164 1434 1216 περιπεφραγμένον·
1458 1163 1505 1214 d)
1525 1183 1560 1216 p.
1578 1171 1660 1217 901}

110 1229 291 1285 μάλιστα
321 1231 364 1273 δὲ
392 1231 463 1271 καὶ
488 1227 720 1279 ἐξάπαντος
747 1230 870 1272 τοῦτο
902 1231 1179 1284 προνοοῦμεν,
1221 1228 1336 1278 ὅπως
1363 1235 1402 1272 οἱ
1430 1247 1508 1273 πο-

111 1302 221 1342 λῖται
250 1296 412 1353 ἀγαθοὶ
440 1300 516 1351 μὲν
547 1296 626 1347 τοῖς
654 1294 825 1353 ψυχοῖς,
869 1301 1032 1352 ἰσχυροὶ
1068 1300 1109 1340 δὲ
1148 1296 1202 1340 zo?
1240 1295 1412 1352 σώματα
1442 1305 1509 1354 γε’-

109 1382 294 1420 γνοιντο.
334 1363 434 1421 τούς
469 1364 550 1421 γοῖρ
592 1364 812 1414 τοιούτους
843 1367 963 1419 σφίσι
995 1383 1037 1408 τε
1067 1363 1209 1415 αὐτοῖς
1238 1366 1375 1414 καλῶς
1405 1361 1510 1421 χρή-

113 1439 266 1476 σεσθαι
303 1435 346 1476 ἐν
385 1434 529 1492 εἰρήνῃ
559 1434 1001 1488 συμπολιτευομένους,
1044 1435 1117 1475 καὶ
1145 1435 1190 1476 ἐκ
1220 1434 1395 1489 πολέμου
1425 1430 1508 1476 σω’-

154 1521 196 1567 b)
225 1519 360 1566 ἡμῖν]
385 1523 467 1562 „Sic
484 1524 532 1556 M.
557 1525 662 1565 etiam
687 1506 768 1555 cnm
794 1521 883 1556 Edd,
910 1521 981 1553 Sed
1006 1520 1102 1565 ἡμῶν
1121 1533 1201 1554 cum
1224 1522 1364 1554 Solane
1390 1523 1510 1564 leg0.“

201 1567 284 1600 Vid.
316 1567 449 1602 Aclnot.

200 1613 273 1646 Sed
305 1615 453 1647 ἔκτοθεν
487 1615 524 1647 Β.
560 1626 589 1648 1.
625 1623 660 1647 et
689 1617 722 1649 5.

202 1660 267 1692 illa
301 1660 354 1691 De

201 1764 258 1795 γμ
266 1751 310 1784 ἐν
322 1752 392 1796 ον]
414 1753 678 1797 ,,πεφραγμείὀν
701 1752 720 1785 W
748 1755 784 1792 ,“

164 1844 245 1882 Sol.
277 1845 565 1897 Igitur-paucis
587 1851 683 1882 ante
705 1859 778 1886 re-

105 1901 221 1952 liqua
265 1902 519 1940 audiendum
571 1902 650 1942 tibi
703 1909 776 1952 est,

107 1973 212 2010 quae
244 1960 294 1998 de
335 1961 508 1998 civitate
550 1967 779 1998 statuamus

106 2030 153 2054 ac
181 2017 358 2056 civibus.
410 2019 639 2056 Civitatem
665 2020 778 2056 enim

106 2089 194 2113 non
232 2076 276 2113 in
308 2075 673 2114 aedificationibus
710 2077 778 2114 in-

108 2133 453 2185 essejudicamus‚
476 2140 523 2171 ut
545 2141 640 2171 sunt
661 2147 779 2172 moe-

106 2190 201 2237 nia,
235 2196 276 2227 et
309 2191 485 2241 templa,
519 2197 561 2228 et
592 2191 779 2230 navalia:

107 2247 181 2286 scd
217 2248 298 2285 ista
333 2248 502 2298 quidem
536 2247 600 2286 uti
628 2261 779 2300 corpus

108 2305 315 2356 quoddam
340 2305 532 2353 firmum,
565 2312 609 2343 et
629 2306 780 2343 innno-

106 2362 192 2401 bile
217 2377 325 2412 esse,
358 2363 409 2401 ad
430 2365 718 2416 receptionem
740 2368 783 2400 et

107 2422 377 2459 securitatem
442 2421 622 2459 civium:
693 2421 783 2459 vim

106 2491 213 2517 vero
247 2493 412 2517 omnem
435 2480 629 2531 ponimus
652 2479 696 2517 in
719 2479 785 2515 ci-

109 2535 254 2575 vibus:
300 2537 376 2575 hos
412 2537 525 2575 enim
558 2551 668 2585 esse,
713 2534 783 2586 qni

110 2593 190 2632 ista
210 2594 437 2646 impleant,
469 2601 512 2632 et
535 2595 784 2644 gubernent,

113 2657 156 2688 et
177 2652 397 2701 perficiant
429 2654 592 2700 omnia,
636 2657 678 2690 et
710 2664 786 2689 cu·-

112 2708 322 2758 stodiam,
363 2711 483 2760 quale
512 2710 613 2762 quid
635 2710 678 2747 in
705 2722 786 2747 no·-

111 2765 177 2804 bis
202 2767 426 2820 unicuique
440 2768 663 2807 estanima.
696 2767 788 2806 Hoc

497 1578 529 1611 c)
567 1569 814 1612 ἔκτοσθεν]
859 1568 917 1600 Sic
942 1568 986 1600 A.
1018 1580 1044 1599 ι.
1071 1579 1102 1599 2.
1137 1568 1259 1600 Reilz.
1292 1577 1325 1600 et
1358 1576 1506 1602 recena,

773 1614 977 1646 Promiseue
1011 1622 1157 1655 utraque
1192 1616 1344 1647 occurrit
1382 1615 1509 1653 forma,

390 1661 499 1693 Merc-
535 1661 648 1695 Cond.
687 1673 716 1693 c.
749 1660 782 1693 5.
805 1661 862 1693 41-

203 1704 273 1737 Vit.
296 1705 400 1738 Auct.
424 1718 452 1739 c.
479 1707 536 1739 26.
560 1706 655 1740 Gan.
684 1719 714 1739 c.
742 1706 795 1742 24.
823 1717 842 1739 e
868 1705 957 1741 Cod.
988 1705 1091 1739 Gorl.

910 1660 965 1692 Bis
998 1657 1124 1694 Aecus,
1161 1668 1195 1692 et
1228 1662 1387 1702 saepius;
1424 1659 1509 1691 haee

1146 1705 1187 1752 d)
1225 1717 1510 1751 περιπεφρα-

835 1844 966 1894 igitur
1007 1844 1344 1892 considerantes,
1383 1857 1509 1882 cura-

835 1917 925 1941 nius
949 1902 1128 1952 quidem,
1157 1909 1204 1940 ut
1227 1903 1358 1949 vides,
1382 1903 1509 1938 etiam

836 1974 987 2012 corpus
1003 1959 1200 2007 civitatis,
1215 1972 1508 2009 ornamusque,

836 2018 900 2057 uti
923 2030 1043 2068 quam
1067 2017 1402 2068 pulcherrimum
1429 2030 1510 2054 no·-

835 2076 899 2113 bis
932 2076 1010 2122 sit,
1044 2088 1138 2113 cum
1170 2077 1284 2113 intus
1315 2081 1509 2126 paratum

836 2132 1059 2180 aedificiis,
1093 2140 1182 2171 tum
1213 2134 1338 2169 etiam
1361 2138 1508 2169 exter-

836 2191 902 2229 nis
924 2191 1007 2228 illis
1029 2190 1301 2228 munimentis
1324 2190 1374 2227 ad
1394 2203 1509 2227 sum-

837 2261 947 2286 mam
1007 2249 1276 2285 securitatem
1326 2248 1509 2285 circum-

837 2311 1015 2356 septum.
1075 2305 1134 2343 At
1166 2306 1347 2343 maxime
1382 2311 1424 2342 et
1457 2317 1511 2342 ex

840 2362 955 2400 omni
1000 2369 1121 2413 parte
1161 2363 1268 2401 illud
1306 2362 1509 2415 provide-

839 2434 943 2467 muS‚
974 2420 1037 2458 uti
1062 2420 1174 2459 cives
1196 2420 1297 2458 boni
1313 2427 1513 2472 quantum

841 2480 893 2516 ad
915 2478 1094 2527 animas,
1128 2484 1170 2516 et
1198 2479 1385 2516 valentes
1409 2477 1514 2515 fiant

842 2536 1105 2587 corporibus.
1169 2536 1293 2574 Tales
1325 2537 1436 2573 enim
1470 2540 1512 2571 et

842 2606 939 2631 suae
974 2595 1088 2631 vitae
1124 2595 1293 2632 modum
1335 2592 1514 2646 pulchre

842 2651 1062 2690 habituros
1083 2665 1132 2689 re
1153 2652 1321 2703 publica
1346 2652 1389 2689 in
1411 2661 1513 2701 pace

843 2709 1047 2760 gerenda,
1080 2715 1124 2746 ct
1152 2710 1198 2747 in
1222 2709 1335 2747 bello
1366 2719 1514 2745 serva-

844 2773 964 2806 turos
984 2767 1225 2817 civitatem,
1255 2765 1516 2815 liberamque
