1819 3198
215 244 317 295 584
631 252 1253 288 ADNOTATIONES

213 375 261 403 se
299 356 509 400 contemni
546 355 806 409 deprecetur.
856 351 1104 405 ‘Legendum
1143 367 1240 405 ergo
1280 366 1358 407 pro
1391 353 1574 398 ἐπαινεῖν
1605 358 1690 398 levi

213 416 450 458 discrimine
479 411 707 460 ἐπανιέναι,
735 412 803 451 vel
834 409 1056 452 ἐπανεῖναι.
1101 408 1253 449 [nfiniti
1282 411 1391 450 enim
1419 411 1674 453 circumflexi

213 475 333 527 quale
351 478 455 510 esset
477 469 671 516 ἔπανιεῖν,
699 467 808 521 quod
831 469 905 506 vix
925 469 1040 518 apice
1062 467 1235 506 distaret
1255 467 1304 504 ab
1323 467 1513 519 ἐπαινεῖν,
1541 445 1692 509 exem-3

210 532 328 584 plum
359 527 563 567 desidero.
602 526 727 564 Certe
753 525 841 562 sffle
870 523 1016 562 fraude
1043 523 1175 561 suerit
1201 524 1583 575 interpretationem
1611 526 1690 564 de-

211 588 334 634 disse,
363 598 466 638 quae
491 596 575 621 non
605 596 659 620 ex
684 580 875 629 ἐπαινέω,
904 578 975 618 sed
1004 593 1058 617 ex
1083 576 1268 631 ἐπάνειμι
1293 586 1422 618 tracta
1448 582 1516 621 sit.
1550 582 1692 621 Redi--v

207 649 298 682 tum
326 642 394 681 hic
422 639 528 692 peti,
565 652 619 676 ex
648 638 934 690 frequentiore
964 636 1105 674 reditu
1134 636 1297 675 demum
1328 637 1489 675 laudem
1516 639 1690 690 sperari,

208 699 422 751 sequentia
449 696 545 733 satis
573 694 791 732 declarant.
823 693 955 734 GESN.
1010 692 1099 731 Nec
1127 706 1202 744 ego
1230 691 1350 743 plane
1377 694 1479 731 illud
1506 693 1689 735 ἐπαινεῖν

207 767 438 806 concoquo.
478 750 760 789 Nihilominus
791 746 1003 790 ἐπανιέναι
1024 772 1075 780 -
1099 747 1179 787 hoc
1208 748 1316 787 enim
1341 762 1522 788 unum.e
1550 751 1686 789 tribus

203 809 290 850 illis
328 809 497 848 vocibus
528 806 805 857 commendari
836 805 971 856 aliquo
996 805 1087 856 jure
1116 803 1253 855 potuit
1283 826 1338 834 —-
1367 819 1443 857 pro
1472 812 1587 845 certo
1614 812 1686 847 aut

201 866 534 920 probabilissimo
564 864 746 901 omnium
772 862 957 913 recipere
983 861 1230 899 dubitabam.
1259 861 1405 900 Lanu.

318 926 433 977 Bag.
458 933 554 972 297.
575 920 604 962 1.
632 920 671 960 6.
701 914 789 973 Οὐχ
817 915 846 959 ἄ
864 913 969 968 πρός
992 913 1066 958 τᾶν
1090 914 1318 965 Διόνυσον)
1349 914 1439 960 Οὐκ
1457 913 1686 971 οἷπροςδιό-

200 995 328 1022 φυσον
355 977 422 1016 hic.
449 977 618 1015 omnino
636 976 854 1026 legendum
875 974 1053 1012 videtur.
1078 974 1246 1012 Guvm.
1292 970 1379 1015 Οὔκ
1404 970 1685 1026 α’προςδιόνυ-

199 1052 298 1085 σον,
334 1035 393 1073 ita
422 1040 467 1072 ut
496 1047 570 1084 ego
597 1038 694 1069 ante
722 1032 1004 1083 conjeceram,
1041 1029 1141 1068 Cod.
1170 1030 1220 1067 L.
1257 1035 1298 1068 et
1331 1031 1431 1068 Bas.
1480 1031 1683 1083 Reliquae

196 1098 396 1143 corrupte
423 1085 498 1143 οὐχ
524 1085 553 1129 δῖ
581 1083 689 1141 πρός
727 1084 799 1128 τόν
826 1082 1041 1129 Διόνυσον.
1071 1087 1231 1127 SOLAN.
1293 1081 1385 1139 Οὗχ
1415 1083 1445 1127 δι’
1473 1082 1578 1140 πρός
1607 1083 1682 1128 τόν

196 1146 428 1198 Διόνυσον)
449 1147 597 1192 Miror,
624 1145 694 1195 qui
711 1145 913 1182 sustinere
941 1158 984 1180 se
1004 1144 1063 1180 ita
1085 1142 1157 1180 diu
1181 1142 1364 1193 potuerit
1390 1148 1472 1181 tam
1502 1144 1679 1181 absurda

195 1206 322 1245 lectio
351 1210 392 1240 et
421 1196 759 1254 οἷπροςδιόνυσος.
810 1199 948 1238 Ausim
981 1212 1054 1249 ego
1097 1199 1162 1237 vel
1199 1204 1345 1236 contra
1374 1212 1516 1236 omnes
1551 1200 1680 1237 libros

197 1262 446 1306 restituere,
474 1257 586 1310 quod
617 1257 692 1294 vix
722 1256 888 1302 dubito,
919 1255 1018 1306 quin
1048 1255 1091 1292 in
1117 1254 1254 1305 aliquo
1283 1255 1490 1305 supersit,
1518 1250 1681 1308 οἷπρος-

195 1313 399 1359 διόνυσον.
428 1314 617 1353 Verbum
646 1313 726 1364 jam
758 1313 969 1349 Ciceronis
997 1316 1151 1357 aetate,
1184 1309 1286 1357 (vid.
1312 1313 1396 1349 Ait.
1423 1312 1488 1355 16,
1517 1313 1603 1364 13.)
1625 1324 1680 1351 ne

196 1373 249 1413 de
275 1372 489 1411 Athenaeo
522 1369 724 1416 dicamus,
765 1375 902 1405 notam
933 1365 1063 1415 adagii
1095 1365 1289 1404 habebat:
1326 1365 1395 1404 hic
1423 1369 1545 1406 unice
1573 1382 1679 1406 con-

191 1430 336 1478 ·venit,
373 1441 467 1465 cum
505 1439 609 1477 quae
643 1424 830 1476 sequitur
866 1423 1069 1466 narratio,
1111 1435 1194 1459 non
1224 1423 1386 1471 minus,
1423 1436 1546 1474 quam
1575 1436 1685 1476 quae

194 1485 435 1538 praecessit,
465 1482 515 1520 ad
546 1480 697 1519 Bacchi
728 1480 898 1518 comites
929 1484 970 1517 et
999 1492 1124 1527 opera
1154 1479 1372 1528 pertineat,
1401 1478 1533 1522 GESN,

310 1541 419 1581 Ead.
444 1539 469 1576 l.
495 1551 534 1588 7.
564 1533 671 1579 Οὐδ’
698 1531 757 1576 ὦν
787 1533 984 1587 ποιοῦμεν
1011 1529 1224 1586 α’λλότριον
1253 1533 1297 1574 ἐν
1325 1530 1443 1584 Ἰνδ-)
1482 1531 1592 1576 Οὐδ’
1619 1530 1678 1576 ὦν

194 1596 392 1640 ποιοῦσιν
419 1592 484 1636 ἄλ.
511 1594 558 1635 ἐν
578 1590 674 1634 Ἰνδ.
716 1591 897 1631 Patescit
926 1592 1161 1629 narratione
1192 1591 1395 1641 sequenti.
1425 1591 1618 1633 MAltclL.

303 1653 410 1692 [bid.
438 1648 514 1693 Ἑν
539 1646 707 1699 Ἰνδοῖς)
739 1648 859 1686 Cons.
879 1647 1112 1685 Hemsterlz.
1140 1641 1192 1684 acl
1208 1646 1327 1697 Nigr.
1353 1646 1390 1699 §
1413 1648 1449 1685 5.
1476 1649 1548 1687 ubi
1568 1661 1674 1701 pau..

193 1724 242 1749 ca
277 1708 474 1762 quaedam
514 1706 564 1745 de
605 1704 758 1743 Bacchi
789 1703 1057 1755 expeditione
1096 1702 1145 1740 ad
1176 1701 1301 1741 Indos
1328 1716 1524 1753 exorSUS‚
1554 1706 1672 1757 plura

189 1766 260 1806 hic
291 1767 428 1804 dicere
458 1762 712 1810 minabatur5
748 1761 818 1798 sed
847 1774 949 1811 quae
976 1760 1047 1797 ille
1070 1759 1136 1796 vir
1155 1766 1319 1797 acturus
1349 1765 1462 1808 erat,
1494 1775 1566 1812 ego
1587 1774 1673 1800 non

189 1823 403 1873 attingam.
451 1820 597 1858 Potest
636 1818 802 1856 interim
839 1816 1012 1854 curiosis
1055 1814 1160 1853 adiri
1191 1816 1324 1856 Diod.
1360 1816 1446 1856 Sic.
1476 1830 1561 1856 non
1591 1831 1674 1855 uno

184 1879 295 1919 loco.
322 1877 475 1915 Rm'rz.

297 1934 405 1972 lbid.
443 1932 541 1978 Τοῖς
568 1927 827 1982 Μαχλαίοις)
858 1924 1087 1977 ignorabile
1106 1939 1258 1965 nomen
1281 1926 1559 1980 Geographis:
1586 1942 1672 1969 non

185 1996 289 2045 puto
319 1996 457 2028 tamen
484 2001 508 2025 a
533 1986 689 2024 Nostro
718 1985 951 2022 confictum.
984 1983 1121 2024 GEsN.

207 2097 210 2102 ·
300 2049 411 2097 Pag.
446 2045 542 2095 298.
577 2041 605 2082 l.
629 2054 653 2096 9
713 2036 865 2092 Τορὸν)
907 2041 1102 2084 Ρενραηι.
1149 2038 1319 2078 GUYE'P.
1386 2039 1509 2079 Conf.
1543 2055 1669 2094 supra

187 2102 295 2142 Gall.
324 2103 399 2139 sub
428 2101 519 2138 init.
551 2093 748 2149 διάτορον
778 2095 922 2134 eodem
953 2095 1085 2132 modo.
1111 2094 1263 2132 Rssxrz.

300 2157 412 2196 Ead.
438 2157 467 2196 l.
490 2168 552 2195 11·
592 2149 749 2204 Αὐτὸν)
788 2153 856 2190 Sic
888 2165 1028 2189 omnes
1058 2150 1170 2191 libri.
1228 2151 1359 2190 Recte
1397 2152 1496 2191 olim
1527 2152 1670 2204 legen-

184 2215 283 2254 dum
313 2214 507 2266 putabam
531 2205 683 2251 αὐτοῦ’
711 2209 783 2247 sed
810 2221 919 2246 nunc
948 2207 1005 2245 ita
1024 2208 1122 2245 alibi
1151 2207 1272 2245 etiam
1302 2224 1324 2247 a
1350 2208 1509 2247 Nostro
1541 2224 1668 2248 usur-

182 2272 275 2324 pari
305 2268 610 2312 animadverto,
650 2271 698 2304 ut
730 2266 774 2304 in
798 2264 915 2303 libris
946 2263 1110 2314 legitur.
1143 2262 1240 2304 Vid.
1264 2262 1360 2305 Jov.
1385 2265 1508 2318 Trag.
1539 2280 1574 2305 c.
1601 2276 1664 2317 17.

183 2329 343 2366 SOLAN.

297 2382 408 2424 Ead.
429 2381 457 2419 l.
480 2381 543 2421 13.
575 2374 837 2431 Νιφάδεσσι)
863 2378 990 2414 Hom.
1019 2374 1064 2416 11.
1088 2379 1139 2421 Γ,
1170 2386 1264 2417 222.
1292 2376 1455 2415 somn.

300 2439 408 2478 Ead.
432 2437 460 2478 l.
485 2436 547 2476 15.
579 2432 821 2487 Τεττιγαῗδές
842 2449 883 2473 τι
904 2429 998 2483 etc.)
1023 2434 1148 2472 Hom.
1171 2433 1287 2474 Iliad.
1304 2437 1357 2481 Γ,
1385 2436 1477 2475 151.
1506 2435 1662 2475 SOLAN.

183 2495 339 2546 Quales
371 2493 584 2543 Ucalegon
619 2498 660 2529 et
704 2493 892 2557 A'ntenor
929 2490 1097 2526 Homer.
1138 2489 1185 2526 ll.
1216 2494 1268 2542 P,
1305 2492 1396 2530 151.
1435 2486 1661 2545 ’Ayopmag

183 2552 331 2594 ἐσθλοὶ
357 2550 606 2603 τεττίγεσσιν
633 2547 840 2593 ἐοικοτες,
869 2561 904 2586 κ.
924 2561 958 2585 τ.
982 2549 1016 2588 λ.
1045 2545 1180 2584 ΟΕεΝ.
