1819 3198
290 218 391 280 432
692 239 1318 281 ,ADNOTATloNEs

287 346 474 402 probare.
532 341 612 381 Sed
639 341 732 394 quia
759 339 920 390 Plzryn.
951 353 992 391 p.
1019 338 1085 390 76.
1112 345 1244 390 negat,
1277 334 1420 387 ου’θεῖς
1447 346 1559 379 recte
1583 339 1664 380 dici
1684 354 1760 394 pro

289 401 442 450 midde,
480 399 629 451 aliique
670 393 814 442 οὖθεῖς
849 396 1063 434 Aeolicum
1097 408 1185 433 esse
1214 396 1352 446 ajunt,
1393 398 1609 435 nonnullos
1636 404 1760 438 auctt.

287 455 549 509 subjungam,
585 456 630 492 in
666 454 813 506 quibus
850 448 1003 502 οὐθὲν,
1042 451 1178 503 μηθὲν
1204 458 1246 489 et
1288 448 1432 499 οὖθεῖς
1457 453 1648 499 invenio,
1690 454 1759 506 qui

288 523 428 555 tamen
458 512 594 549 Attica
620 508 770 559 magis,
802 521 922 559 quam
947 509 1134 556 Aeolica,
1156 507 1325 545 dialecto
1351 511 1562 560 scripsere.
1621 506 1761 551 Οὐθὲν

285 573 351 612 ‘bis
380 567 486 620 apud
516 568 648 605 Dion.
680 565 784 602 Hal.
806 562 899 605 VH.
932 578 970 616 p.
993 578 1046 602 m.
1068 564 1172 612 472,
1205 564 1267 602 16.
1306 570 1427 616 atque
1463 564 1561 602 alibi
1596 567 1758 617 passim.

289 624 445 673 οὐθεὶς
483 623 613 663 Diod.
650 621 734 659 Sic.
764 620 817 658 11.
842 633 879 659 c.
912 633 972 672 ¹9·
999 633 1038 660 v.
1062 619 1126 661 56.
1183 616 1341 661 οὐθενὶ
1375 621 1485 658 idem
1527 620 1601 659 ΠΙ.
1630 636 1664 658 c.
1690 623 1755 672 57.

285 698 329 724 v,
355 683 420 720 65.
458 678 622 728 Μηθὲν
649 678 819 714 Ανίείοι.
845 675 872 713 l.
896 674 983 717 Pol.
1004 689 1035 713 c.
1059 682 1097 723 8.
1125 677 1164 715 εἰ
1191 673 1265 716 οὖν
1290 673 1318 725 ἦ
1347 675 1469 726 φύσις
1485 677 1634 729 μηθὲν,
1655 674 1758 730 μήτε

284 737 426 785 ἀτελές
454 733 576 776 ποιεῖ.
632 732 887 784 Quamquam
914 731 1013 770 ibid.
1039 745 1071 769 c.
1097 732 1134 768 4.
1171 728 1288 772 οὐδὲν
1324 729 1376 772 ἂν
1402 731 1495 774 ἔδει.
1551 735 1632 771 Sed
1663 734 1755 774 eod.
1806 759 1809 761 >

284 797 357 834 lib.
379 808 416 835 c.
437 805 500 831 11.
535 794 628 840 post
655 788 762 826 med.
797 784 874 828 ἅτ’
901 783 1075 834 οὐθενὸς
1102 783 1417 839 ἐπιβάλλοντος·
1449 802 1483 829 c,
1517 801 1578 827 12.
1606 805 1753 831 σκυτο-

281 848 409 904 τόμος
435 843 479 888 ‹5'
508 841 672 892 οὐθεὶς,
715 839 807 884 οὐδὲ
835 843 917 885 τῶν
944 840 1077 890 ἄλλων
1103 843 1309 896 τεχνιτῶν.
1362 848 1418 882 At
1447 840 1562 885 οὐδὲν
1588 859 1752 884 rursum

281 909 337 947 L.
363 917 399 944 2.
423 918 458 944 e.
484 904 520 940 3.
551 907 593 939 et
617 900 742 952 μηδὲν
763 901 864 941 ibid.
896 901 999 938 med.
1042 900 1146 937 Item
1173 900 1223 937 de
1252 900 1376 938 Coelo
1397 900 1448 941 L.
1470 902 1503 938 Ι.
1524 915 1560 942 ο.
1583 900 1621 941 5.
1647 902 1754 940 med.

282 960 474 1014 διαφέρει
500 956 546 1000 δέ
569 971 613 1010 γε
646 953 787 1000 οὐδὲν,
819 963 858 994 et
884 956 942 993 sic
969 963 1168 1008 perpetuo
1195 957 1240 994 in
1269 956 1344 993 hac
1371 955 1508 1007 phrasi
1537 957 1753 1010 aliquoties

281 1019 457 1071 repetita
484 1029 517 1053 c.
549 1011 588 1055 6.
613 1019 655 1051 et
680 1013 725 1050 in
756 1012 920 1063 AnalyS.
952 1026 1113 1064 quoque
1144 1026 1266 1064 saepe
1301 1018 1555 1054 occurrente.
1614 1015 1677 1057 Ita
1708 1021 1755 1052 ut

281 1075 380 1115 hinc
411 1070 606 1125 quaedam
634 1068 821 1107 videatur
863 1068 1092 1106 differentia
1138 1068 1394 1106 intercedere
1430 1069 1541 1108 inter
1570 1065 1684 1110 οὐδὲν
1712 1075 1755 1108 et

279 1128 429 1175 οὐθὲν,
469 1141 586 1179 quam
618 1132 754 1163 'tamen
782 1125 951 1162 nimiam
989 1124 1148 1162 faciunt
1177 1130 1412 1162 commentt.
1447 1123 1498 1162 ad
1521 1125 1753 1175 Plzrynz'eh.

283 1200 384 1241 quos
411 1183 518 1223 vide.
578 1182 660 1219 Vix
687 1181 795 1217 enim
826 1181 902 1218 alia
940 1187 1023 1228 est,
1059 1193 1179 1233 quam
1211 1181 1318 1232 quod
1346 1181 1460 1231 prius
1490 1194 1544 1218 ex
1573 1178 1664 1222 οὐδὲ
1689 1178 1750 1230 ἓν,

276 1245 452 1284 alterum
477 1253 530 1277 ex
554 1234 649 1279 οὔτε
670 1232 715 1278 ἓν
742 1235 800 1273 sic
825 1235 1060 1281 conflatum,
1089 1251 1182 1275 nam
1211 1243 1254 1274 et
1281 1234 1373 1277 οὐδὲ
1398 1236 1467 1286 εἷς,
1489 1237 1538 1274 ad
1555 1240 1751 1287 majorem

275 1301 420 1340 forsan
450 1293 686 1347 emphasin,
725 1292 850 1330 scribi
880 1293 951 1343 qui
974 1293 1126 1339 nescit,
1164 1292 1282 1331 adeat
1308 1295 1506 1330 Mollmm
1536 1294 1586 1331 ad
1614 1296 1750 1346 Long.

266 1357 382 1396 <Pasa
416 1367 456 1404 p.
482 1356 673 1389 notarum
693 1347 760 1389 52.
817 1348 898 1385 Sed
925 1347 1072 1386 sufficit
1100 1348 1168 1386 hic
1198 1348 1441 1397 ostendisse,
1471 1349 1624 1387 Atticis·
1644 1351 1743 1388 scri—

275 1410 463 1465 ptoribus
492 1413 715 1457 utrumque
744 1402 945 1444 adhiberi.
1004 1404 1071 1441 Sic
1099 1404 1252 1456 μηθεῖς
1278 1418 1441 1443 rursum
1462 1406 1589 1446 Diod.
1611 1407 1695 1447 See.
1716 1404 1747 1443 I.

275 1482 309 1506 c,
337 1478 400 1506 22-
421 1478 484 1516 pr.
507 1469 549 1500 et
570 1461 646 1501 IV.
667 1474 700 1497 c.
723 1460 789 1499 44.
811 1473 875 1510 pr.
904 1457 1046 1506 οὖθεῖς
1062 1456 1248 1503 κωλύσει,
1280 1466 1320 1497 et
1339 1474 1456 1512 saepe
1477 1461 1586 1500 alibi.
1608 1465 1749 1512 Epict.

275 1525 391 1562 Man.
417 1534 450 1558 c.
473 1531 539 1569 29.
567 1516 671 1555 Ibid.
697 1529 733 1555 c.
762 1515 823 1554 56.
845 1515 877 1555 s.
910 1512 1008 1569 ὅρος
1037 1512 1180 1562 οὐθείς·
1201 1517 1326 1556 ἐστιν.
1353 1516 1508 1554 Lenius
1528 1517 1747 1556 Scholia-st.

272 1576 491 1627 Aristoplz.
530 1587 653 1626 quem
691 1570 846 1610 indicat
881 1573 1097 1612 Maittair.
1137 1573 1187 1609 de
1216 1572 1327 1612 Dial.
1355 1586 1396 1623 p.
1417 1584 1458 1613 2.
1494 1568 1624 1620 οὖδεῖς
1659 1574 1749 1611 ele-

273 1636 432 1686 gantius
471 1644 582 1678 esse,
613 1642 730 1681 quam
758 1623 918 1674 οὐθείς.
977 1625 1114 1666 Unum
1144 1624 1290 1675 οὐθεὶς
1312 1628 1448 1665 adfert
1474 1627 1542 1666 hic
1572 1643 1626 1667 ex
1648 1630 1747 1668 Gen.

272 1689 451 1737 XXXI,
476 1688 545 1725 44.
576 1686 644 1723 cui
669 1685 809 1736 itaque
836 1683 1048 1735 superiora
1076 1685 1147 1722 illa
1172 1683 1265 1721 addi
1297 1691 1515 1735 poterunt,
1542 1685 1640 1723 item
1666 1685 1746 1723 duo

271 1747 406 1785 triave
437 1743 524 1790 alia,
553 1753 655 1794 quae
681 1740 898 1778 Hoesclzel.
929 1739 978 1776 ad
999 1739 1159 1790 Plz72yn.
1187 1740 1216 1780 l.
1240 1753 1275 1781 c.
1296 1753 1350 1777 ex
1369 1738 1505 1778 LXX.
1532 1746 1574 1778 et
1593 1741 1747 1782 Athen.

269 1802 446 1855 profert.
472 1799 627 1840 Rmrz.
683 1795 783 1836 Vid.
819 1796 1008 1847 inprimis
1036 1795 1210 1835 Lobeck.
1252 1795 1303 1834 ad
1329 1795 1562 1847 Phrynich.
1588 1810 1627 1849 p.
1656 1798 1746 1837 181.

268 1872 331 1911 sq.
355 1857 502 1895 LEuM.

383 1911 490 1949 Ead.
519 1910 547 1948 l.
574 1908 636 1950 15.
665 1906 814 1958 TYX.)
842 1905 1062 1958 Tychiadis
1082 1920 1297 1957 personam
1322 1907 1486 1958 quidam
1508 1909 1743 1959 loquentem

267 1965 473 2007 inducunt
511 1978 640 2017 usque
681 1963 732 2001 ad
767 1963 939 2002 verbum
976 1963 1206 2005 ἐπίστασαι.
1263 1963 1399 2007 Aliter
1440 1970 1572 2002 tamen
1600 1978 1740 2004 omnes

269 2024 480 2070 editiones,
503 2022 624 2060 aliter
651 2020 866 2070 interpres,
893 2019 1056 2059 Eoum).
1722 2051 1725 2054 ,

379 2079 489 2119 [bid.
519 2078 577 2117 Εἰ
602 2077 672 2117 καὶ
702 2071 858 2129 σμικρά
887 2075 928 2115 δὲ
957 2071 1105 2124 divar?
1131 2074 1173 2115 δὲ
1201 2071 1317 2116 οῦδὲν
1346 2074 1508 2125 διοίσει)
1544 2075 1607 2114 Ita
1630 2074 1741 2114 hunc

266 2137 405 2176 locum
441 2132 710 2182 refinximus,
753 2131 902 2183 partim
939 2133 1225 2171 auctoritatem
1263 2132 1394 2169 secuti
1428 2133 1494 2171 Fl.
1523 2131 1600 2169 Ed.
1629 2138 1671 2170 et
1694 2133 1740 2170 P.

266 2192 438 2231 nomina
464 2202 733 2241 personarum
763 2187 830 2225 hic
859 2188 903 2225 in
929 2187 1048 2224 editis
1086 2186 1225 2224 addita
1253 2187 1550 2235 omittendum,
1589 2187 1739 2239 partim

264 2262 323 2286 ex
349 2247 599 2297 conjectura.
644 2244 693 2283 In
721 2243 929 2294 impressis
963 2243 1072 2281 enim
1098 2243 1334 2292 legebatur,
1364 2237 1492 2283 οὐδέν.
1528 2246 1651 2284 TYX.
1683 2245 1739 2284 Εἰ

267 2302 340 2346 καὶ
366 2297 518 2354 σμικροῖ
546 2302 588 2342 δὲ
617 2302 703 2348 τοῖς
730 2294 908 2348 οἷληθέσι
944 2298 1100 2340 διοίσει.
1130 2302 1276 2339 ΠΛΡ.
1326 2298 1384 2336 dn
1414 2299 1458 2336 P.
1486 2311 1589 2336 vero
1620 2294 1737 2340 οὐδὲν

267 2359 401 2400 εἶκαὶ
429 2354 582 2408 σμικρά
614 2357 726 2405 δέοι,
763 2351 905 2404 οἷληθῆ
941 2355 982 2395 δὲ
1020 2351 1069 2396 οὐ
1102 2354 1256 2395 διοίσει.
1287 2355 1444 2391 SoLAN.
1484 2351 1586 2393 Mss.
1611 2355 1736 2407 Regg.

266 2417 389 2465 2954.
421 2420 460 2451 et
486 2414 609 2452 3011.
648 2414 686 2453 εἰ
718 2414 790 2453 καὶ
824 2407 979 2463 σμικροὶ
1008 2412 1055 2451 δέ
1081 2425 1150 2451 τοι
1178 2406 1320 2460 α’ληθῆ
1348 2411 1388 2450 δὲ
1414 2409 1570 2452 διοίσει·
1614 2410 1737 2448 Unde

266 2472 442 2509 Belinzcs
469 2469 638 2520 conjicit
662 2466 904 2518 legendum:
939 2466 1072 2508 εἶκαὶ
1097 2464 1254 2519 σμικροὶ
1283 2462 1324 2506 δ’
1351 2468 1504 2513 εἴποις,
1534 2462 1676 2516 ‹iam-3⁷7
1697 2466 1738 2507 δὲ

268 2526 436 2574 διοίσει,
477 2525 621 2576 quand
638 2532 683 2561 ιιι
706 2525 837 2560 (ίίνοίε
856 2537 941 2573 peu
960 2524 1009 2560 cle
1037 2522 1181 2572 chose,
1211 2523 1254 2560 la
1276 2523 1401 2559 verite‘
1425 2522 1474 2559 de
1492 2530 1550 2559 tes
1571 2523 1736 2560 raisons

267 2583 526 2633 l’emportera
547 2583 748 2627 tozcjozcrs.
783 2578 872 2619 Bn‘.

376 2636 481 2674 lbid.
513 2634 609 2682 Τοῖς
637 2630 813 2683 οἷληθέσι
841 2633 1007 2680 διοίσει)
1035 2630 1278 2684 Εἰρωνικῶς
1308 2632 1476 2673 dictum.
1507 2631 1675 2670 GUYE'r.

375 2695 486 2743 Pscg.
511 2704 579 2745 99.
603 2691 630 2727 1.
654 2693 691 2727 4.
723 2688 980 2743 Affete'xocmv
1016 2685 1169 2740 αὐτῆς)
1206 2689 1291 2737 Qui
1330 2688 1474 2738 legerit
1515 2701 1580 2736 ea,
1629 2690 1731 2740 quae

264 2761 363 2787 mox
391 2753 644 2800 sequuntur,
682 2745 783 2786 εἰδὲ
810 2746 975 2798 μετέχοι
1004 2741 1163 2786 τούτων
1203 2740 1399 2784 ἁπάντων
1429 2739 1454 2793 η’
1480 2740 1729 2798 παρασιτικὴ
