1819 3198
310 256 369 286 IN
425 255 776 287 RuE'roRum
831 255 1337 290 PRAECEPTOREM.
1464 247 1562 290 537

87 355 204 410 εἴπῃς
233 350 482 408 φιλόσοφον,
514 362 558 394 ut
583 355 662 395 alia
686 355 807 394 obvia
832 369 916 394 non
945 355 1103 394 addam.
1160 357 1332 395 Interim
1362 357 1454 410 quia
1479 373 1562 398 non

87 413 215 449 ausim
246 414 472 463 improbam
507 412 723 450 adfirmare
762 414 964 462 vulgatam
999 411 1093 450 lect.
1135 426 1210 451 nec
1250 417 1359 452 enim
1388 415 1564 454 absurda

90 474 178 516 est,
207 468 398 507 intactam
429 483 516 507 earn
550 469 722 506 servavi.
753 467 907 508 Ram-z,

201 523 305 561 Eacl.
326 525 354 565 l.
381 538 442 564 11.
470 519 655 576 Ὀμηοός
679 523 990 572 πατασσέσθω)
1021 525 1172 562 (Jestus
1197 525 1389 576 antiquus
1420 524 1565 563 dicen-

86 579 204 618 tium.
264 580 376 629 Quid
411 581 537 631 igitm
566 582 643 618 sibi
685 580 775 617 vult
805 579 872 616 hic
909 579 1192 618 scholiastes?
1236 581 1416 631 Quintil.
1447 580 1498 625 ll,
1522 582 1563 620 3.

89 637 182 676 123.
212 637 363 674 lemur
376 637 484 688 fet-ir
486 652 521 684 e,
542 637 653 689 quod
663 636 841 674 Athenis
857 638 1024 697 primus
1044 638 1194 685 secisse
1217 637 1399 676 creditur
1422 637 1564 685 Cleon,

87 700 128 729 et
150 695 351 730 usitatum
373 701 433 729 est
460 698 539 731 etc
572 693 705 730 Gtsn.

197 748 302 785 lbid
334 743 584 800 Λαρύγγιζε)
625 747 718 787 Vid.
746 747 960 787 Demosth.
997 762 1036 799 p.
1065 748 1333 803 m.195.13c.
1361 748 1432 787 ubi
1463 749 1565 787 vitio

86 802 130 841 id
164 802 359 841 Aeschini
388 805 520 842 datur.
552 806 708 843 SoLAN.
770 803 892 853 Quod
921 803 1117 842 Aeschini
1147 803 1291 859 objicit
1317 805 1565 843 Demosthe-

87 873 160 897 nes
188 873 264 911 pro
307 859 460 900 Coron.
493 874 527 901 c.
558 872 622 914 90.
662 861 815 911 repetit
848 860 1023 897 Plinius
1058 860 1137 912 Ep,
1161 860 1200 909 4,
1225 874 1263 911 7,
1288 861 1328 902 6.
1384 860 1566 899 Videtur

87 921 224 953 au'tem
271 916 547 969 λαρυγγίζειν,
586 917 656 969 qui
692 919 821 954 imum
857 916 1121 968 patulumque
1156 923 1323 967 guttur,
1365 923 1563 969 quantum

86 977 249 1022 potest,
278 972 329 1009 ad
354 971 711 1023 pronunciandum
734 971 923 1020 adhibet,
951 978 994 1012 el:
1023 972 1116 1010 inde
1139 979 1329 1025 tanquam
1358 986 1410 1011 ex
1437 970 1561 1025 ἠχείῳ

78 1027 262 1079 ¹quodam
292 1028 440 1078 augere
459 1029 860 1080 modulatioremque
879 1028 1053 1066 reddere
1081 1043 1225 1066 sonum
1256 1029 1403 1066 studet.
1429 1029 1562 1068 GfisN.

203 1085 308 1122 Ead,
346 1085 372 1125 l.
402 1098 462 1133 17.
506 1084 561 1125 Τό
591 1084 774 1135 πλῆθος)
812 1085 1062 1135 Interpretes
1091 1084 1139 1122 ad
1170 1098 1297 1122 unum
1327 1098 1465 1123 omnes
1495 1097 1563 1122 ce-

86 1146 239 1189 perunt
277 1139 327 1177 de
370 1141 510 1192 tulga.
576 1142 632 1178 At
674 1155 756 1178 non
797 1141 930 1190 agitur
965 1141 1015 1177 de
1057 1140 1276 1191 partitione
1316 1140 1563 1189 auditorum,

87 1194 158 1232 sed
189 1196 238 1232 de
267 1209 431 1240 rerum,
461 1211 563 1249 quae
592 1197 852 1234 admitationi
879 1210 965 1232 esse
985 1197 1166 1247 possint,
1200 1195 1450 1234 diveisitate
1515 1196 1561 1233 ln

88 1246 340 1303 θαυμάζωσι
369 1253 552 1304 subjecto
576 1259 671 1290 sunt
699 1265 838 1289 omnes
864 1251 1069 1290 auditores
1104 1252 1384 1304 cujuscunque
1412 1252 1495 1291 loci
1525 1258 1568 1291 et

91 1307 266 1356 ordinis,
297 1320 341 1345 ac
371 1316 462 1359 post
492 1322 538 1346 ea
569 1306 734 1347 demum
763 1307 1069 1357 distinguuntur
1096 1312 1136 1349 οἱ
1162 1308 1235 1360 μὲν
1262 1307 1491 1356 συνιέντες,
1525 1314 1567 1347 et

89 1364 130 1403 οἱ
160 1363 203 1403 δὲ
229 1364 382 1404 πολλοί.
437 1364 573 1414 Igitur
608 1361 654 1405 zo*
690 1362 854 1412 πλῆθος
879 1380 960 1404 των
989 1361 1138 1417 λόγων,
1169 1364 1497 1416 conjungendum
1526 1370 1568 1404 et

86 1418 354 1470 intelligenda
385 1423 509 1470 copia
529 1429 567 1459 et
580 1421 744 1458 ubertas
766 1434 911 1468 rerum,
942 1420 990 1457 cle
1013 1421 1163 1472 quibus
1184 1421 1466 1468 verbafiunt;
1498 1419 1567 1457 di-

86 1475 235 1513 stincta
263 1476 334 1513 illa
364 1476 412 1513 ab
456 1476 653 1514 orationis
691 1475 830 1514 colore
867 1481 909 1513 et
938 1476 1097 1524 forma,
1128 1475 1178 1513 de
1209 1490 1286 1529 qua
1317 1476 1359 1513 in
1393 1489 1568 1527 praece-

88 1529 278 1569 dentibus
306 1533 447 1582 ageba
453 1546 513 1572 ur.
567 1532 634 1570 Sic
662 1532 752 1570 fere
781 1533 902 1570 etiam
931 1531 1189 1570 Fritzseliius
1217 1531 1418 1585 judicasse
1446 1532 1567 1570 vide-

90 1592 162 1624 tur
194 1588 404 1636 Quaestst.
432 1602 470 1640 p.
496 1600 588 1627 200
617 1588 761 1625 Lssmt.
1058 1604 1064 1609 ·

199 1648 311 1694 Pag
337 1644 496 1684 23o.1
522 1657 559 1694 9.
593 1639 899 1693 Ἀπιστήσουσι
937 1659 993 1695 μη
1030 1639 1143 1697 ουχῖ)
1179 1642 1405 1681 Adleverat
1434 1645 1569 1681 Hem-

87 1698 210 1738 sterlz.
240 1699 468 1737 adeundem
493 1700 651 1738 Duker.
674 1699 723 1737 ad
759 1700 989 1765 Thucydid.
1011 1700 1066 1747 II,
1099 1712 1189 1739 101.
1231 1699 1316 1737 Ubi
1345 1713 1436 1736 cum
1454 1699 1570 1736 Tha..

88 1755 177 1804 cycl.
198 1752 326 1804 dieat,
356 1752 626 1803 α’πιστοῦντες
651 1752 779 1796 αὐτόν
807 1772 863 1807 μη
894 1757 1021 1804 ἕξειν,
1048 1755 1119 1794 ille
1150 1769 1204 1794 ex
1232 1755 1459 1794 Scholiaste
1489 1756 1569 1793 ob-

89 1817 251 1860 servat,
281 1828 337 1862 μη
367 1818 459 1863 post
488 1808 674 1853 α’πιστεῖν
698 1808 907 1858 'Arnum
934 1811 1164 1859 abundate,
1191 1812 1570 1863 Lucianumquein

90 1865 211 1906 Rhet.
243 1868 383 1909 Praec
403 1867 444 1909 11
472 1867 499 1906 l.
532 1870 569 1905 ei
600 1868 697 1905 duas
727 1868 964 1933 negationes
992 1867 1211 1918 adponere
1251 1866 1441 1904 Eundem
1468 1880 1568 1905 veto

90 1923 370 1974 pleonasmum
403 1929 496 1974 post
526 1919 801 1976 ἀπαγορεύω,
836 1920 1004 1972 κωλύω,
1033 1920 1240 1976 ἀρνοῦμαι
1270 1930 1311 1961 et
1337 1924 1457 1976 eloym
1489 1923 1570 1960 ob-

89 1992 254 2017 servare
282 1979 540 2030 Stephanum
563 1980 612 2018 ad
644 1980 831 2023 Corinth
859 1981 973 2019 a1tic.
1002 1980 1039 2018 8.
1070 1986 1110 2017 ct
1135 1978 1203 2019 43.
1265 1979 1408 2026 Addo,
1440 1979 1567 2016 etiam

89 2036 311 2086 praemissa
356 2036 574 2086 negatione
623 2042 714 2086 post
750 2032 1019 2100 ἀπαρνοῦμαι
1055 2035 1172 2086 sequi
1205 2037 1483 2086 negationem,
1525 2040 1571 2071 ut

89 2091 217 2140 §oph
249 2093 314 2138 Aj
337 2091 404 2141 96
442 2087 516 2132 οὐκ
547 2088 814 2143 οἷπαρνοῦμαι
851 2106 897 2131 το
934 2108 1018 2144 μη,
1055 2096 1138 2128 non
1169 2105 1273 2142 nego
1303 2105 1364 2127 me
1395 2091 1569 2140 jecisse

88 2148 146 2184 At
173 2147 216 2184 in
243 2147 432 2184 Dialecto
472 2149 680 2184 communi
707 2149 821 2185 abest
850 2164 934 2198 μη,
981 2152 1027 2184 ut
1055 2142 1103 2186 ὃν
1129 2143 1258 2187 πάλαι
1284 2142 1485 2208 ἠρνοῦντο
1506 2146 1570 2184 εἰ-

90 2201 232 2250 (linai,
267 2203 372 2255 apud
405 2201 544 2243 LXX.
574 2204 617 2240 in
648 2203 754 2241 lituo
798 2204 896 2254 S-ap
928 2202 1028 2251 XIl,
1051 2213 1115 2251 27.
1149 2209 1191 2240 et
1219 2206 1379 2265 passim.
1413 2202 1569 2240 REM-,z

206 2258 309 2296 Emi
335 2256 361 2294 l.
392 2272 457 2298 11.
493 2254 702 2312 Σμικροῖν)
742 2259 832 2296 Etsi
869 2258 1013 2296 eodem
1052 2258 1187 2306 redit,
1217 2273 1370 2310 μικραν
1401 2270 1449 2294 an
1472 2272 1567 2308 σμι-

91 2310 198 2366 κροῖν
220 2315 349 2365 legas,
375 2313 453 2352 hoc
481 2321 617 2353 tamen
643 2328 786 2360 servo,
818 2315 911 2366 quia
938 2314 1015 2351 hoc
1038 2314 1146 2353 Dial.
1171 2328 1207 2354 c.
1230 2326 1265 2350 2
1291 2327 1341 2366 pr
1386 2313 1570 2364 alibique

92 2370 196 2412 Cod
237 2371 318 2408 ΟΧ.
349 2384 442 2408 cum
478 2370 582 2408 Edd.
624 2371 841 2410 consentit.
898 2371 953 2408 At
982 2370 1090 2408 insta
1121 2384 1156 2411 c.
1180 2370 1257 2411 ult
1286 2366 1568 2422 μικρανΕάἀ.

91 2427 246 2478 paliter
274 2433 316 2464 et
344 2425 474 2467 Codd,
532 2427 588 2465 Et
616 2426 774 2465 Noster
801 2427 1034 2478 promiscue
1054 2426 1201 2465 utitur.
1255 2426 1431 2464 Faciunt
1458 2424 1569 2462 idem

93 2483 163 2520 atii
189 2483 389 2520 nonnulli.
451 2482 534 2520 Sed
571 2484 660 2535 quis
687 2482 764 2520 hoc
794 2483 957 2520 nescit?
990 2483 1142 2522 Rmrz.

205 2539 312 2575 L'acl.
336 2538 365 2578 l.
394 2538 452 2576 16.
492 2534 566 2579 Ἐν
595 2541 684 2585 τοῖς
710 2534 883 2589 μεταξυ)
924 2539 1062 2579 Senee.
1095 2537 1294 2578 Controv.
1317 2537 1396 2578 IX
1457 2536 1573 2587 Quid

68 2617 75 2624 ·
95 2592 207 2646 quod
235 2594 552 2632 laudationibus
591 2595 744 2633 crebris
776 2596 1056 2640 sustinentur,
1099 2602 1137 2632 et
1170 2597 1366 2632 memoria
1402 2594 1569 2632 illorum.

95 2653 279 2687 assuevit
300 2654 423 2688 certis
450 2651 683 2688 intervallis
704 2651 942 2702 quiescere?
972 2650 1131 2687 somn.

210 2704 316 2743 Ead.
338 2707 367 2746 l.
394 2719 456 2755 17-
495 2705 585 2746 To'iv
608 2706 787 2747 ἐπαίνων
808 2704 1082 2758 διαλείμμασι)
1108 2704 1253 2743 Moy-as
1279 2704 1571 2742 laudationum

98 2767 219 2800 vocat
249 2763 427 2812 Quintil.
454 2762 512 2810 11,
537 2763 576 2812 3,
603 2761 694 2803 126.
729 2768 772 2800 et
814 2763 903 2800 131.
972 2763 1082 2800 illud
1117 2761 1338 2800 artificium
1375 2759 1572 2798 dissimu-
