1819 3198
217 243 317 293 478
677 253 1275 288 ADNOTA'rioNEs

215 360 300 400 Pro
327 358 374 401 ἔκ
403 356 579 401 osannam.
625 354 857 397 Habuimus
889 367 974 394 non
1002 353 1143 397 semel.
1185 353 1307 394 conf.
1337 354 1489 396 saltem
1508 356 1560 396 ad
1581 355 1689 398 Galh

216 431 256 458 c
245 415 579 512 24Εῗέῑῗ12
598 470 766 512 Πυθοῖ
782 466 823 509 δὲ
848 464 958 521 μῆλα
984 483 1068 508 των
1093 465 1215 520 ἷερων
1236 465 1313 509 τοῦ
1336 465 1460 519 θεοῦ)
1485 468 1599 507 Haec
1630 470 1690 509 sic

215 528 347 568 vestit
379 529 502 568 Vino.
535 527 794 577 Obsopoeus;
832 538 957 576 poma
977 526 1206 562 sacerdotes
1226 526 1442 575 Apollinis
1460 539 1690 576 proponere

214 591 537 630 consueverant;
567 583 706 620 nescio
734 595 853 633 quam
886 580 1010 629 bene,
1038 593 1129 618 nam
1157 580 1201 618 in
1235 580 1395 619 Graeco
1424 581 1475 619 de
1497 581 1692 620 sacerdo-

212 640 322 679 tibus
348 653 401 678 ne
434 640 607 678 verbum
638 636 826 703 quidem·
865 633 983 688 ἱερων
1017 636 1240 674 inclinatur
1277 650 1298 675 a
1325 644 1439 675 recto
1476 633 1606 691 ceptis,
1646 636 1690 676 id

215 703 277 734 est
303 710 443 745 sacer,
479 708 563 732 non
590 708 613 732 a
639 689 796 745 ἱερευς,
829 692 940 744 quod
982 697 1045 729 est
1082 693 1283 731 sacerdo&
1349 694 1527 731 Vertere
1565 694 1692 745 igitur

214 746 409 791 debebat·
449 764 576 802 poma
617 751 709 788 Deo
749 763 872 787 sacra
904 746 1255 798 proponebantur.
1314 749 1426 788 Olim
1456 750 1692 801 suspicabar

214 805 323 860 μῆλα
355 807 435 845 hoc
468 807 560 845 loco
597 805 864 857 interpretari
893 804 1066 853 debere,
1104 817 1186 841 non
1213 817 1362 854 poma,
1391 805 1464 843 sed
1493 819 1613 870 oves,
1641 811 1690 844 ut

214 870 258 902 et
281 863 387 915 apud
417 861 532 901 Mar.
558 863 740 912 Tyrium.
760 873 949 900 sermone
970 860 1035 910 37.
1059 864 1102 897 et
1124 860 1169 897 in
1191 859 1412 912 Antholog.
1436 862 1561 912 primi
1575 861 1688 911 libri,

209 921 347 972 primo
372 919 582 970 Epigram.
613 931 661 955 eo
692 917 800 970 quod
827 928 992 967 campus
1018 916 1232 953 crissaeas
1250 917 1317 954 vel
1340 918 1588 966 Cirrhaeas,
1615 918 1686 969 qui

213 981 302 1014 erat
330 975 513 1026 Apollini
543 987 686 1022 sacer,
714 970 765 1012 ad
795 986 891 1012 oves
913 971 1133 1023 pascendas
1161 977 1278 1022 aptus
1306 978 1418 1020 erat,
1448 986 1529 1011 non
1550 979 1689 1012 autem

210 1031 265 1070 ad
292 1044 413 1082 poma
440 1028 639 1078 ferenda,
679 1029 839 1081 quando
879 1033 966 1066 erat
993 1027 1082 1065 sine
1112 1027 1340 1068 arboribus,
1400 1002 1468 1066 Sic
1497 1029 1606 1066 enim
1637 1029 1690 1068 de

211 1101 260 1126 eo
290 1089 409 1124 Faus
396 1089 537 1124 wanias
574 1087 619 1124 in
655 1085 865 1123 Phocicis.
906 1099 954 1125 το
987 1083 1029 1124 δὲ
1058 1083 1195 1124 πεδίον
1236 1099 1283 1124 το
1312 1080 1399 1125 α’πο
1428 1082 1502 1134 τῆς
1527 1085 1689 1153 Κίρῥας

209 1138 337 1208 ψιλόν
373 1142 490 1183 ἐστιν
530 1137 666 1189 ἅπαν,
706 1140 777 1182 καί
810 1135 1000 1193 φυτεύειν
1033 1139 1181 1191 δένδρα
1216 1136 1292 1181 ου’-κ
1320 1140 1560 1189 ἐθέλουσιν,
1589 1159 1614 1190 η
1642 1141 1688 1184 ἐκ

208 1196 327 1246 τινός
366 1195 474 1251 α’ρας
507 1195 534 1248 ἢ
573 1194 742 1251 α’χρεῖον
777 1214 855 1247 την
895 1194 972 1249 γῆν
1010 1198 1067 1243 εἷς
1103 1197 1281 1247 δένδρων
1325 1212 1485 1250 τροφην
1521 1192 1685 1245 εἰδότες.

208 1256 322 1295 Oves
351 1255 478 1305 igitui
490 1283 501 1304 ,
536 1268 638 1306 quae
657 1253 958 1304 pz'xscebantur
946 1265 989 1289 m
1019 1266 1067 1289 eo
1098 1265 1241 1303 campo
1269 1266 1353 1291 non
1383 1259 1494 1291 arato
1514 1267 1590 1292 nec
1613 1268 1686 1293 ar-

205 1312 377 1352 boribus
406 1311 593 1355 consito,
624 1315 741 1347 erant
768 1307 952 1360 Apollini
980 1321 1140 1356 sacrae,
1170 1321 1192 1345 e
1219 1309 1381 1360 quibus,
1410 1315 1458 1346 ut
1476 1310 1684 1361 putabam,

205 1367 403 1420 quaedam
428 1380 504 1417 pro
530 1366 673 1404 brabio
705 1364 905 1402 dabantur
933 1364 1094 1401 cuidam
1125 1362 1370 1402 athletarum
1397 1366 1552 1416 generi.
1601 1366 1684 1404 Sed

202 1423 324 1463 aliter
350 1422 505 1460 sentire
533 1435 598 1460 me
630 1421 764 1472 coegit
795 1421 1007 1458 Libanius
1027 1419 1225 1469 Sophista
1254 1421 1298 1457 in
1326 1421 1560 1459 laudatione
1587 1422 1684 1473 pal-

203 1493 294 1519 mae
322 1484 364 1516 et
375 1478 505 1543 pomi
524 1478 703 1525 arboris,
707 1452 804 1514 nubi
832 1474 932 1513 haec
954 1475 1171 1540 leguntur:
1202 1475 1333 1526 φοῒνιξ
1357 1476 1433 1528 μὲν
1459 1472 1541 1530 7029
1569 1493 1682 1518 παν..

201 1533 274 1583 τός
301 1531 463 1587 οἷγαῖνος
490 1534 668 1602 ἴίνεται
675 1531 912 1584 στέφανος,
943 1530 1013 1572 και
1043 1546 1115 1571 τον
1140 1528 1293 1573 θάλλον
1305 1531 1404 1596 ἔχει
1431 1534 1552 1582 νίκης
1573 1529 1681 1574 ὑπό-

199 1607 366 1645 μνημα,
396 1589 526 1642 μηλέα
551 1589 592 1630 δὲ
615 1584 746 1635 αὖθις
776 1587 970 1641 στεφανοῖ
996 1583 1070 1628 τόν
1100 1583 1243 1639 α’γωνα
1267 1583 1339 1628 τόν
1363 1584 1548 1630 Πυθιον.
1593 1588 1681 1628 Ita-

203 1662 284 1701 que
310 1647 389 1684 hoc
414 1647 506 1684 loco
532 1659 615 1684 non
635 1645 741 1683 male
764 1642 874 1696 μῆλα
892 1658 1022 1695 poma
1043 1644 1356 1694 intelliguntur,
1385 1643 1515 1697 μηλεά
1543 1652 1681 1684 tamen

197 1716 369 1767 pomum
398 1702 612 1747 arborem,
652 1715 736 1739 non
765 1701 974 1747 fructum,
1012 1699 1234 1750 significat,
1268 1706 1311 1738 et
1339 1701 1535 1739 videntur
1563 1715 1680 1754 poma

200 1758 287 1798 sola
311 1760 452 1810 inepta
481 1758 531 1796 ad
557 1771 751 1796 coronam
780 1756 1013 1796 texendam.
1053 1755 1136 1793 Sed
1163 1762 1209 1794 ut
1237 1757 1449 1794 Lzbanius
1473 1769 1568 1795 cum
1587 1760 1682 1795 Lu·-

200 1819 326 1856 eiano
356 1815 615 1859 concilietur,
645 1813 832 1862 intelligo
860 1813 1058 1850 victorem
1091 1819 1331 1851 coronatum
1358 1813 1488 1851 fuisse
1514 1827 1681 1852 ramus-

199 1872 303 1911 culis
340 1871 427 1923 ejus
465 1870 622 1908 arboris
654 1883 729 1907 suo
768 1869 912 1914 fructu
960 1867 1156 1909 oneratis.
1212 1868 1293 1905 Sed
1338 1869 1561 1907 notandum
1601 1875 1677 1917 est,

198 1928 390 1968 brabium
416 1931 618 1964 mutatum
648 1925 776 1963 fuisse
804 1937 827 1961 a
857 1924 1112 1974 temporibus
1141 1919 1417 1961 Pausaniae.-
1448 1939 1541 1963 nam
1571 1939 1594 1962 a
1615 1939 1677 1963 se—

197 1983 333 2022 cunda
361 1981 565 2034 Pythiade
604 1994 774 2019 coronas
804 1993 882 2030 pro
922 1979 1064 2017 brabio
1096 1979 1303 2017 institutas
1335 1980 1412 2028 ait,
1443 1987 1483 2018 et
1510 1980 1676 2044 quidem

199 2054 252 2078 ex
282 2040 414 2077 lauru.
474 2037 542 2074 Sic
571 2037 680 2074 enim
709 2037 756 2074 in
777 2034 986 2073 Phocicis.
1015 2035 1183 2087 δευτέρᾳ
1211 2035 1252 2075 δὲ
1279 2032 1480 2077 Πυθιάδι
1503 2052 1580 2077 ουκ
1610 2037 1678 2078 §nt

195 2093 347 2142 ἄθλοις
381 2088 581 2134 ἕκαλεσαν
616 2091 678 2134 ἔτι
719 2088 1020 2158 ἀγωνίζεσθαι,
1075 2092 1322 2142 στεφανίτην
1353 2093 1395 2131 δὲ
1436 2089 1508 2133 τόν
1534 2089 1677 2146 αγοῖὶνα

194 2147 280 2193 οἷπο
310 2146 467 2192 τούτου
497 2144 1050 2199 κατεστήσαντο-δάφνης
1075 2148 1117 2188 δὲ
1145 2148 1346 2197 στέφανος·
1375 2148 1443 2188 ἐπὶ
1463 2147 1548 2189 τῶν
1580 2153 1676 2191 Πυ-

195 2209 306 2248 θίων
326 2207 375 2263 τῆ
395 2208 488 2260 νίκῃ
509 2201 600 2246 ’κατ’
625 2202 721 2246 ἄλλο
744 2204 817 2256 μὲν
839 2204 953 2256 (ἐμοι
969 2203 1113 2252 δοκεῖν)
1143 2204 1253 2245 ἐστὶν
1281 2200 1458 2252 οὐδὲν,
1447 2201 1512 2245 ότι
1540 2206 1582 2246 δὲ
1602 2222 1680 2255 της

191 2252 398 2310 Λάδωνος
430 2257 645 2314 θυγατρος
677 2257 920 2302 Ἀπόλλωνα
946 2259 1185 2311 ἐρασθῆναι
1216 2259 1457 2313 κατέσχηκεν
1484 2259 1512 2310 ἡ
1542 2276 1674 2313 φημη.

193 2320 329 2358 Aliam
361 2332 458 2357 vero
489 2319 575 2369 ejus
603 2317 666 2356 rei
695 2330 875 2355 caussam
906 2318 1040 2355 refe1t
1070 2318 1242 2365 Aelian,
1278 2318 1377 2356 Vm.
1399 2316 1448 2358 L.
1476 2318 1552 2357 111.
1575 2331 1610 2358 c.
1637 2330 1674 2358 1.

192 2376 353 2414 scilicet
391 2388 463 2422 eo,
500 2373 611 2424 quod
647 2373 818 2424 Apollo,
853 2379 1071 2425 postquam
1101 2372 1336 2423 Pythonem
1364 2373 1596 2422 occiderat,
1629 2375 1675 2412 in

194 2445 298 2483 aqua
327 2430 456 2469 Penei
486 2429 604 2467 ssuvii
638 2429 682 2467 in
717 2430 808 2467 loco
836 2429 947 2466 dicto
975 2428 1132 2480 Tempe
1161 2435 1357 2479 purgatus
1386 2429 1482 2466 inde
1511 2430 1672 2467 laurum

195 2487 427 2539 decerpsit,
463 2491 504 2523 et
533 2484 719 2536 Delphos
743 2485 895 2524 attulit.
927 2485 1089 2522 Laurea
1108 2485 1234 2535 igitur
1256 2497 1408 2523 corona
1432 2485 1529 2523 olim
1551 2498 1671 2536 prae-

195 2544 325 2582 mium
355 2547 444 2581 erat
471 2542 699 2579 victoribus
729 2540 865 2578 (latum
894 2541 938 2578 in
958 2539 1144 2591 Pythiis,
1173 2541 1243 2578 sed
1270 2546 1456 2592 tempore
1484 2542 1672 2578 Luciam-i

196 2605 239 2637 et
268 2599 467 2646 Libana,
494 2596 562 2636 vel
603 2596 646 2634 id
675 2602 876 2634 mutatum
906 2597 1067 2640 suerat,
1110 2597 1177 2634 vel
1206 2610 1326 2648 poma
1357 2596 1445 2633 data
1474 2602 1567 2634 sunt
1591 2610 1668 2648 pro

193 2655 340 2694 brabio
365 2655 408 2692 in
432 2666 559 2704 agone
587 2652 759 2704 quodam
784 2653 960 2690 multum
985 2658 1126 2703 postea
1150 2652 1383 2690 introducto
1412 2657 1454 2689 et
1483 2660 1666 2703 recepto,

194 2711 334 2748 laurea
362 2716 552 2748 manente
581 2722 655 2760 pro
685 2708 865 2758 praemio
907 2709 1140 2746 cursoribus
1171 2714 1212 2745 et
1241 2710 1497 2759 antiquorum
1526 2715 1667 2746 certa-

190 2768 348 2808 nu'num
375 2765 549 2805 athletis.
607 2764 664 2802 At
687 2776 784 2801 ecce
811 2764 1009 2802 llelc'clor.
1031 2765 1075 2802 in
1099 2763 1355 2816 Aethiopicis
1383 2765 1546 2802 armatis
1567 2777 1666 2803 cur·-
