1819 3198
627 209 1072 259 INHIPPIAM.
1484 215 1585 273 573

104 330 228 369 semel
256 328 393 369 audita
421 327 607 380 potuerit
629 327 803 367 recitare
826 326 969 366 eodem
996 325 1157 374 ordine,
1188 325 1283 365 dein
1306 332 1435 376 retro,
1462 327 1581 367 deni-

104 400 187 441 que
216 400 291 448 per
320 387 455 431 saltus,
485 392 531 422 ut
561 384 746 431 tertium,
775 389 960 432 sextum,
986 395 1166 430 nonum,
1194 389 1236 420 et
1266 383 1583 434 quomodocun-

104 457 184 495 que
211 442 389 493 jusseris.
437 441 503 478 De
530 448 616 478 arte
652 446 788 478 autem
821 441 1098 482 mnemonica,
1135 438 1186 476 de
1217 452 1295 490 qua
1324 440 1472 480 Lami).
1505 440 1581 480 le.

103 499 372 535 Schenkelins
409 510 453 535 ac
492 498 612 533 Bono
652 497 696 534 in
733 496 831 533 Idea
867 494 963 533 hist.
996 495 1238 532 universalis
1268 495 1418 545 aliique
1447 506 1582 546 egele,

104 553 205 591 nihil
240 554 408 600 addam,
446 553 539 602 quia
569 551 618 589 ad
648 551 837 589 delirium
868 558 1090 589 sectatores
1118 564 1211 589 suos
1253 550 1399 600 adegit.
1430 551 1583 593 Rm'rz.

103 610 270 661 Ergone
296 609 385 647 fieri
421 608 580 659 potnit,
622 614 669 645 ut
699 609 910 655 Ηρὶίιίιιε,
953 608 1028 645 etsi
1061 608 1122 644 bis
1154 621 1177 645 a
1205 607 1358 644 Solano
1388 607 1582 658 monitus,

103 672 241 703 tamen
267 667 315 703 ab
347 666 540 708 Oleario,
569 664 644 702 nisi
673 664 816 711 fallor,
844 663 1100 701 Philostrati
1131 668 1485 710 commentatore,
1511 678 1582 702 se-

104 722 263 768 ductus,
288 721 400 758 hunc
429 720 637 771 Hippiam,
668 718 843 758 Luciani
870 720 1095 771 aequalem,
1125 733 1219 758 cum
1239 720 1450 757 Platonico
1477 734 1584 759 con·-

101 777 288 819 fuderit?
316 777 453 814 LEnM.

216 834 324 873 Ead.
356 834 385 872 l.
416 833 480 872 14.
509 827 595 873 ε’Ὀν
634 828 893 885 παραλαβών
927 828 1037 872 naza*
1064 826 1225 884 θάτερα
1264 833 1320 879 εἰς
1347 827 1584 885 ὖπερβολήν

103 885 320 938 ταπεινόν)
352 889 548 926 Reddunt
575 889 843 940 interpretes,
876 903 994 940 quem
1019 903 1067 925 ex
1094 897 1269 941 utraque
1282 896 1406 940 parte
1430 892 1582 927 mirum

106 947 152 981 in
175 947 337 983 modum
359 945 556 982 humilem
579 947 820 996 accipiens,
850 951 896 982 ut
925 951 1104 996 apparet,
1133 958 1216 983 non
1245 943 1583 983 animadverten-

103 1006 179 1045 tes,
211 1000 549 1054 quemadmodum
579 1001 659 1052 ipsi
688 1007 878 1040 evertant
903 1014 1069 1051 prorsus
1097 999 1201 1038 hanc
1227 1015 1339 1038 suam
1370 1002 1583 1040 narratio-⁴

104 1070 210 1095 nem.
269 1059 313 1095 Si
343 1059 449 1095 enim
479 1057 561 1094 suit
593 1055 707 1105 talis,
748 1056 825 1095 hoc
857 1063 938 1104 est,
981 1070 1034 1094 ex
1058 1062 1230 1107 utraque
1258 1063 1371 1107 parte
1397 1056 1581 1107 humilis,

103 1113 308 1164 quomodo
337 1114 419 1151 suit
448 1113 644 1150 acclivis?
696 1112 854 1164 Utique
891 1114 949 1150 sic
989 1111 1195 1150 debuisset
1235 1112 1385 1151 addere
1425 1118 1583 1163 auctor,

103 1170 300 1207 acclivem
335 1170 462 1207 fuisse
495 1169 536 1206 in
571 1169 720 1209 medio.
775 1168 855 1206 Sed
885 1169 1033 1206 clarius
1073 1182 1116 1206 se
1155 1167 1377 1206 destruunt
1413 1181 1488 1221 per
1518 1183 1580 1216 ea,

104 1239 217 1277 quaec
236 1239 334 1264 mox
364 1231 613 1276 sequuntur,
653 1238 744 1262 cum
776 1231 963 1262 statuunt
1002 1238 1094 1262 eum
1124 1223 1259 1261 locum
1299 1225 1420 1263 talem
1449 1224 1581 1264 fuisse

103 1282 222 1319 alteri
249 1288 479 1332 aequatum.
521 1280 597 1317 Cui
626 1281 685 1317 illi
709 1280 858 1318 alteri?
888 1294 938 1318 an
959 1280 1053 1317 loco
1071 1280 1091 1318 ’Β
1120 1293 1202 1318 non
1224 1286 1350 1328 certe,
1370 1295 1446 1319 nec
1467 1281 1580 1321 enim

103 1338 242 1389 plures
273 1337 351 1373 loci
393 1343 695 1386 agnoscuntur,
738 1336 809 1373 sed
845 1337 965 1374 unius
999 1335 1122 1374 modo
1161 1336 1287 1374 facies
1318 1336 1581 1379 describitur.

104 1393 217 1441 Quid
247 1392 354 1444 quod
384 1393 428 1430 in
458 1391 539 1429 fine
568 1391 691 1442 hujus
719 1393 850 1442 ipsius
884 1392 1053 1443 paginae
1082 1390 1342 1444 ἑκατέρωθεν
1369 1394 1580 1444 interpre-

102 1455 242 1486 tantur
267 1463 315 1486 ex
347 1457 522 1499 utraque
547 1457 691 1498 parte,
736 1454 778 1486 et
806 1455 935 1488 recte.
987 1448 1148 1499 Nempe
1186 1444 1296 1489 κατοέ
1325 1444 1490 1500 θάτερα
1518 1454 1582 1488 est

101 1503 145 1542 in
173 1505 341 1542 alteram
373 1511 541 1555 pai-tem.
583 1504 738 1541 Nactus
766 1505 901 1542 locum
935 1504 983 1541 ab
1011 1518 1092 1541 uno
1122 1504 1250 1542 latere
1276 1519 1471 1557 perquam
1495 1503 1580 1543 hu-

104 1561 241 1598 milem
275 1574 319 1597 ac
347 1559 569 1605 declivem,
609 1574 702 1598 eum
729 1561 848 1598 alteii
879 1560 997 1598 lateri
1027 1561 1218 1611 aequavit
1242 1562 1481 1611 aggerando,
1529 1562 1581 1600 In

101 1617 367 1668 sequentibus
394 1617 539 1654 Latine
568 1616 786 1654 reddendis
814 1616 1019 1654 difficilior
1040 1618 1145 1653 ratio
1170 1623 1242 1656 est.
1278 1618 1395 1654 Dicit
1415 1618 1581 1655 Lucia-

104 1687 183 1709 nus
223 1673 355 1722 ample
385 1672 502 1720 sali-³,
545 1671 724 1723 κρηπῖδα
761 1672 836 1724 μὲν
870 1667 1148 1724 βεβαιοτάτην
1185 1668 1343 1714 ἅπαντι
1378 1689 1436 1726 τῳ
1456 1671 1585 1739 ἔργω

101 1725 376 1780 βαλλόμενος,
417 1745 483 1767 και
510 1730 716 1779 θεμελίων
750 1729 863 1769 θέσει
892 1746 968 1778 την
1001 1727 1081 1769 τῶν
1106 1728 1409 1779 ἐπιτιθεμένων
1437 1724 1585 1783 ‹loma-3

104 1789 215 1825 λειαν
241 1780 589 1834 ἕμπεδωσαμειος.
636 1785 682 1821 ld
709 1784 967 1822 desmibendi
997 1798 1123 1835 genus
1146 1798 1238 1822 cum
1259 1786 1452 1823 Salmun'i
1477 1786 1590 1835 pio-³

101 1842 261 1878 ximum
290 1841 483 1890 tautolw
461 1854 536 1877 iae
565 1841 885 1888 existimmetm
916 1840 1013 1878 vide
1042 1841 1113 1891 qui
1143 1841 1393 1891 compegerit
1418 1848 1458 1878 et
1478 1854 1587 1892 con--

102 1898 281 1934 traxerit
305 1910 396 1942 sua,
428 1899 563 1946 posito
591 1899 707 1946 operi
721 1898 969 1945 firmissimo
993 1898 1291 1946 simulamenta,
1324 1910 1403 1948 quo
1431 1898 1588 1946 super-'

101 1954 250 1990 structi
270 1953 461 2000 aedificii
482 1953 773 1990 certitudinem
793 1953 1068 2001 confirmaret.
1109 1952 1165 1989 At
1192 1952 1424 2003 religiosior
1449 1953 1493 1989 in
1515 1952 1579 1990 his

104 2009 337 2058 Οὐδ-θρωπε
366 2021 538 2058 aequare
567 2008 698 2045 voluit
727 2009 1318 2059 Graeca‚strmamentumqae
1339 2010 1592 2054 mzmc'tis.‹si-⁴

103 2077 213 2100 mum
234 2065 347 2100 omni
369 2065 521 2114 futuro
554 2065 670 2113 operi
701 2065 955 2111 subjiciens,
979 2064 1352 2114 fundamentorum
1367 2066 1579 2115 positione

100 2120 364 2157 sub-struendi·
381 2120 568 2166 aedificii
595 2121 883 2157 certitudinem
904 2120 1177 2166 confirmavit.
1208 2118 1290 2156 Sed
1320 2133 1392 2158 nos
1420 2120 1580 2172 liquido

103 2181 143 2212 et
171 2177 318 2212 merito
343 2188 552 2212 censemus
581 2174 656 2212 hos
687 2175 1030 2213 floccifaciendos.
1076 2173 1213 2212 Locus
1243 2174 1310 2213 hic
1336 2177 1489 2214 balneis
1511 2176 1580 2214 sa-

101 2230 306 2269 bricaudis
336 2231 488 2268 electus
526 2230 692 2268 videtur
720 2231 846 2269 fuisse
877 2244 1005 2282 prope
1035 2231 1171 2269 rivum
1199 2237 1269 2269 aut
1300 2231 1484 2276 sontem,
1527 2234 1592 2272 ad*

103 2300 222 2338 quem
251 2293 435 2336 spectans
470 2287 643 2324 alterum
676 2288 782 2324 latus
810 2287 891 2325 suit
919 2286 1102 2332 declive,
1132 2293 1179 2324 ut
1205 2287 1321 2325 solet.
1361 2288 1485 2325 Hunc
1506 2289 1589 2327 lo-'

101 2356 193 2379 cum
224 2343 394 2394 adeptus
426 2343 598 2393 Hippias
622 2343 824 2393 planavit,
861 2343 1117 2393 crepidinem
1145 2342 1235 2393 (vel
1264 2345 1488 2395 marginem
1515 2347 1581 2384 ri-'

99 2411 186 2449 pne,
218 2398 286 2449 qui
319 2399 578 2435 extollendus
599 2398 704 2449 erat)
730 2400 896 2451 quidem
907 2400 1204 2447 firmissimam
1225 2402 1337 2437 omni
1361 2403 1478 2451 operi
1491 2407 1590 2452 ])ο-’

101 2468 213 2501 nenS,
244 2455 664 2504 etfimdamenlorum
688 2457 895 2504 positione
915 2455 1134 2492 stabiliens
1157 2458 1417 2494 securitatem
1440 2459 1587 2508 impo-'

101 2510 260 2547 nenclae
280 2511 602 2552 aedificationis,
641 2510 874 2561 C1epidinis
892 2510 942 2547 111
946 2511 1063 2548 nutas
1083 2511 1148 2549 vel
1174 2511 1353 2549 maxime
1379 2514 1587 2564 require--¹

101 2565 234 2613 batur,
266 2578 317 2602 ne
348 2565 494 2602 deinde
526 2580 665 2616 pressa
695 2574 881 2604 ventiem
913 2567 1081 2614 sacmet,
1110 2573 1152 2604 et
1181 2567 1438 2606 extrinsecus
1469 2581 1577 2621 pau-

99 2620 214 2660 latim
246 2621 392 2658 cedens
426 2622 583 2659 iuinam
615 2624 693 2660 toli
724 2624 839 2673 opexi
866 2622 1044 2663 αΙΓεΓιεῒ.
1067 2623 1215 2665 GRoN.
1589 2628 1593 2633 '

99 2731 125 2769 S
213 2679 324 2729 Pag
346 2679 440 2717 285
463 2678 490 2718 l.
522 2676 570 2718 14
575 2673 777 2731 -ro'zepa
800 2678 953 2730 —29.)
991 2679 1181 2719 Alterum
1218 2678 1339 2720 alteri
1375 2682 1579 2734 aequaviti

132 2745 259 2773 oLAN.
