1819 3198
471 278 584 311 1315
636 275 1089 310 AccvsATUS.
1414 272 1478 316 83

80 378 124 423 δὲ
146 376 219 422 καῖ
245 373 404 432 κωμικοὶ
423 377 464 430 r)
501 371 748 431 ἐρωτήματα
774 375 1041 426 κατακλείσας
1070 374 1242 430 ἑαυτόν,
1279 381 1353 423 καὶ
1378 379 1472 424 (ἐντὶ
1490 398 1612 439 p‚825‚

80 447 158 490 τοῦ
183 447 313 501 λέγειν
339 442 384 495 ὅ,
420 462 460 487 τι
487 441 680 498 βούλεται
707 439 857 497 μεγάλῃ
892 443 946 499 τῇ
972 444 1111 502 φωνῇ,
1149 450 1321 502 βραχεῖς
1348 468 1466 500 τινας
1484 474 1519 506 p.
1536 465 1617 511 827.

78 511 226 569 λόγους
259 511 524 563 α’ναπλὲκων,
568 511 639 552 καῖ
676 511 946 564 συλλαβίζων·
993 509 1077 566 ἀφ’
1109 510 1168 556 ὦν
1202 513 1366 569 α’θρόος
1398 520 1472 571 μὲν

79 581 275 632 ἔπαινος,
303 578 334 632 ἧ
353 579 501 636 κρότος
525 575 675 628 πολύς,
709 575 786 621 οὐκ
811 576 865 620 ἂν
893 577 1170 632 ἀπαντήσειεν
1197 579 1334 639 αὐτῷ,
1375 601 1471 639 μει-

82 649 210 702 δίαμα
238 648 280 691 δὲ
304 645 420 702 παριῖ
445 646 531 690 ταῖν
558 643 821 695 ἅκουόντων,
846 650 917 689 καὶ
942 645 989 689 τό
1017 649 1218 692 ἐπισεῖσαι
1247 649 1327 702 τήν
1353 655 1470 708 χεῖρα

81 713 197 765 ε’ντός
233 716 321 758 ταῖν
356 713 494 770 ὅρων,
539 717 611 759 καὶ
635 710 767 769 μικροῖ
785 714 826 766 S)
854 714 1071 758 ἐπινεῦσαι
1102 716 1156 772 τῇ
1182 719 1362 774 κεφαλῇ’,
1402 723 1473 764 καὶ

77 781 337 835 ἐπιστενάξαι
371 785 457 833 τοῖς
493 783 734 839 λεγομένοις.
778 778 979 824 τοιούτων
1019 780 1193 839 ἠράσθη
1222 783 1248 828 ὅ
1272 789 1473 840 γενναῖος,

80 852 183 906 ἐμοῦ
203 849 532 906 καταφρονήσας.
557 853 662 906 φασὶ
691 851 735 892 δὲ
762 846 891 892 αὐτόν
908 852 1012 904 μηδὲ
1036 848 1139 905 πρός
1167 849 1240 895 τόν
1265 852 1475 908 ἐρώμενον

80 918 229 962 τοῦτον
255 917 426 974 εἰρήνην
451 918 586 973 ἄγειν,
624 915 736 968 ἄλλ’,
767 917 904 970 οἶμαι,
934 922 1004 962 καὶ
1024 920 1060 973 t)
1089 922 1147 969 εἰς
1170 920 1322 964 ἐκεῖνον
1350 923 1471 978 ὑβρί-

80 989 163 1036 ζειν
187 989 250 1038 τι).
311 988 417 1036 Πῶς
452 982 524 1029 οὖν
561 984 636 1030 min
670 981 892 1042 οἷχᾶριστος
929 982 1071 1039 οὗτος,
1112 991 1184 1031 καὶ
1220 990 1361 1046 ἔνοχος
1387 995 1473 1042 τοῖς
1510 1003 1574 1047 29

79 1057 177 1110 περῖ
200 1055 276 1107 τῆς
302 1052 522 1104 κακώσεως
541 1055 588 1107 x)
627 1053 794 1108 νόμοις,
835 1052 882 1103 ὂς
918 1052 993 1105 τὴν
1029 1057 1103 1108 μὲν
1140 1053 1254 1111 νόμῳ
1282 1057 1473 1113 γαμετήν,
1486 1090 1519 1122 p.
1539 1080 1620 1115 328,

81 1121 191 1179 παρ’
213 1120 266 1176 ἧς
293 1123 471 1173 τοςαῦτα
499 1124 660 1175 εἴληφε,
704 1123 776 1165 καὶ
804 1118 863 1165 δι’
893 1119 945 1174 ἣν
973 1121 1136 1173 ἔνδοξός·
1173 1126 1303 1177 ἐστιν,
1343 1123 1477 1176 οὕτως

81 1190 241 1247 ἀτίμως
281 1189 475 1241 α’πέλιπε,
522 1191 676 1234 καινῶν
713 1191 756 1233 δὲ
776 1189 830 1242 y)
871 1188 1044 1245 ω’ρέχθη
1079 1189 1357 1246 πραγμάτων·
1404 1197 1479 1238 καὶ

79 1261 214 1304 ταῦτα
242 1259 329 1310 νῦν,
356 1255 481 1301 ὁπότε
511 1254 640 1312 μόνην
668 1258 738 1312 ἐμὲ
762 1255 1041 1310 θαυμάζουσι,
1071 1261 1145 1302 καὶ
1173 1258 1478 1315 ἐπιγράφονται

78 1327 262 1377 ἅπαντες
295 1324 527 1381 προστάτιν
547 1328 601 1378 z)
642 1324 803 1368 ἑαυτῶν
822 1327 895 1379 a);
942 1323 1037 1369 ἀλλ’
1071 1323 1153 1381 ἐγώ
1187 1328 1262 1381 μὲν
1297 1326 1476 1384 α’ντέχω,

126 1440 160 1483 r)
182 1434 380 1481 κωμικὰ]
410 1436 469 1469 Sic
494 1435 539 1469 Ο.
560 1433 664 1470 Gorl.
694 1442 728 1467 et
752 1445 864 1478 marg.
894 1433 938 1470 A.
963 1445 993 1467 1.
1020 1434 1141 1478 Vulgo
1169 1445 1242 1469 erat
1266 1437 1476 1482 κομματικὰ,

171 1483 268 1517 unde
302 1482 420 1515 Solan
466 1480 556 1524 conj.
584 1478 805 1525 κωμμωτικά.
851 1483 884 1523 s)
908 1480 1074 1525 μικρὰ]
1108 1482 1167 1514 Sic
1192 1483 1233 1514 L.
1259 1493 1292 1515 et
1312 1483 1370 1515 Fl.
1390 1496 1478 1527 pro-

171 1528 340 1562 bantibus
364 1527 513 1560 Reitzio
540 1536 574 1559 et
593 1526 723 1558 Belino
750 1538 815 1569 pro
834 1527 930 1568 vulg.
955 1525 1088 1570 μακρά.
1136 1530 1164 1568 t)
1188 1526 1299 1569 ἀλλ’,
1325 1529 1475 1572 οἶμαι,

170 1574 267 1618 καὶ]
299 1573 359 1605 Sic
387 1574 430 1608 Ο.
453 1581 488 1605 et
509 1572 611 1604 5011.
633 1571 686 1613 (in
708 1583 780 1614 quo
804 1573 997 1614 posteriore
1018 1574 1124 1604 etiam
1149 1573 1182 1608 ἐς
1200 1574 1246 1605 ἐκ.
1271 1574 1368 1616 quod
1387 1577 1477 1607 imi-

167 1622 229 1655 tati
252 1627 335 1653 sunt
364 1618 483 1652 Schm.
512 1626 546 1649 et
565 1618 706 1662 Lang.)
730 1628 794 1660 pro
818 1618 916 1659 vulg.
944 1615 1032 1650 ἀλλὰ
1054 1617 1111 1650 καὶ
1136 1619 1184 1655 εἰς
1200 1620 1337 1657 ἐκεῖνον,
1364 1621 1477 1664 οἶμαι,

168 1665 229 1710 ὑβ.
275 1667 310 1708 u)
334 1660 562 1709 ὑβρίζειν]
597 1659 758 1707 ,,ὑβρίζει
778 1662 870 1695 Fl.⁴‘
929 1663 967 1705 x)
1004 1662 1079 1705 τῆς
1113 1664 1379 1708 κακώσεως]
1415 1666 1476 1699 Sic

169 1724 250 1745 cum
284 1712 434 1742 articulo
460 1709 506 1741 Ο.
529 1710 630 1742 5011.
667 1710 769 1741 Gorl.
804 1708 930 1741 Schol.
956 1707 1037 1740 Bel.
1063 1709 1191 1746 Schm.
1214 1710 1300 1743 Sine
1325 1713 1474 1744 articulo

169 1757 263 1791 Edd.
285 1757 404 1797 vulgo.
449 1755 486 1800 y)
512 1753 678 1787 καινῶν
704 1753 774 1797 δὲ]
809 1754 870 1786 Sic
896 1754 943 1786 O.
964 1765 1029 1797 pro
1054 1755 1148 1797 vulg.
1174 1755 1233 1788 καὶ
1253 1757 1389 1791 καινῶν.
1439 1758 1473 1799 z)

168 1800 462 1848 προστάτιν]
495 1800 587 1840 „Sic
617 1807 712 1832 recte
743 1798 803 1831 Fl.
835 1801 866 1831 J.
888 1801 977 1833 Par.
1003 1807 1069 1833 etc.
1094 1799 1305 1846 Προστάτην
1329 1801 1477 1834 Salm.“

166 1848 210 1882 Iu
236 1847 390 1881 eundem
409 1857 566 1879 errorem
584 1844 711 1878 incidit
733 1844 816 1889 Rip.
833 1846 943 1879 simul
968 1857 1051 1879 cum
1072 1846 1111 1878 B.
1134 1857 1163 1882 1.
1183 1855 1218 1880 et
1242 1849 1275 1883 5.
1322 1847 1356 1892 a)
1385 1848 1477 1882 ἑαυ·

167 1893 228 1929 τῶ
237 1892 282 1940 ν]
315 1891 463 1935 „Amen
487 1893 563 1924 sola
589 1892 684 1924 male
708 1889 867 1925 ἑαυτόν.“

77 1987 278 2036 comicas,
323 1983 748 2034 interrogatiunculas

76 2060 121 2085 se
145 2047 282 2098 ipsym
303 2042 569 2090 concludere,
601 2055 647 2079 ac
667 2055 747 2094 pro

79 2117 154 2151 eo,
186 2101 298 2153 quod
320 2101 460 2139 dicere
481 2098 680 2147 debebat,
712 2101 748 2138 si

79 2159 182 2212 quid
221 2158 374 2206 vellet,
434 2168 581 2206 magna
617 2170 747 2206 voce,

79 2217 233 2256 breves
285 2214 483 2265 quosdam
533 2226 748 2254 sermones

76 2280 320 2320 contexere,
344 2278 388 2310 et
408 2277 604 2321 tanquam
625 2270 750 2309 colli-

77 2345 177 2384 gere
195 2329 393 2382 syllabas:
425 2341 448 2366 a
472 2328 622 2379 quibus
644 2340 748 2365 con-

77 2390 192 2429 ferta
212 2387 381 2439 quidem
402 2386 506 2435 laus,
534 2392 605 2424 aut
625 2386 748 2438 plau-

79 2461 148 2487 sus
180 2445 362 2493 multus,
392 2444 456 2482 illi
488 2455 575 2481 non
597 2443 748 2482 redie-

78 2504 161 2553 rit3
193 2502 267 2543 sed
286 2501 393 2541 illud
410 2501 538 2549 forte,
569 2507 617 2539 ut
637 2499 750 2539 leni-

78 2567 148 2601 ter
165 2559 380 2600 arrideant
400 2559 636 2606 auditores,
676 2562 751 2595 aut

77 2621 269 2666 m'anum,
299 2618 414 2656 intra
447 2617 651 2654 terminos
683 2622 749 2654 ta·-

79 2689 199 2723 men,
239 2680 459 2723 moveant,
498 2679 570 2711 aut
598 2686 747 2724 parum

78 2733 215 2785 capite
247 2738 458 2780 annuant,
501 2736 574 2769 aut
603 2730 656 2768 ad
687 2743 746 2778 ca,

81 2803 185 2842 quae
207 2789 429 2839 dicuntur,
461 2787 744 2840 ingemiscant.

803 1984 887 2024 Ista
906 1983 1117 2024 adamavit
1137 1996 1376 2035 generOSUS,
1408 1999 1477 2024 me

803 2048 1026 2080 contemta.
1069 2042 1205 2094 Ajunt
1225 2049 1389 2092 autem,
1420 2044 1479 2081 il-

801 2099 890 2139 lum
912 2113 1049 2150 neque
1062 2112 1156 2137 cum
1178 2114 1253 2138 suo
1264 2100 1345 2138 isto
1361 2113 1478 2138 ama-

803 2159 865 2196 sio
905 2170 1050 2209 pacem
1090 2156 1274 2204 habere,
1323 2157 1397 2195 sed
1432 2159 1478 2195 in

804 2215 932 2253 istum
963 2227 1149 2265 quoque,
1194 2219 1244 2252 ut
1273 2213 1476 2263 arbitror,

804 2272 1156 2310 contumeliosum
1179 2284 1279 2309 csse.
1314 2271 1479 2322 Quidni

804 2329 936 2379 igitur
965 2329 1152 2380 ingratus
1191 2329 1247 2366 sit
1279 2328 1381 2377 iste,
1432 2335 1479 2368 et

802 2385 963 2437 legibus
994 2387 1046 2425 de
1084 2385 1192 2424 mala
1222 2386 1477 2424 tractatione

804 2445 1028 2484 teneatur?
1041 2443 1111 2494 qui
1123 2443 1350 2493 legitimam
1365 2457 1475 2481 uxo-

806 2514 911 2549 rem,
942 2514 965 2540 a
986 2515 1067 2552 qua
1090 2507 1205 2540 tanta
1226 2501 1334 2539 bona
1356 2513 1478 2538 acce-—

805 2560 932 2610 perit,
964 2566 1008 2598 et
1027 2573 1105 2610 per
1127 2571 1247 2609 quam
1269 2557 1324 2595 sit
1348 2557 1476 2595 nobi-

804 2617 878 2665 lis,
919 2618 980 2655 ita
1018 2616 1295 2667 ignominiose
1337 2620 1478 2653 tamen

805 2673 1063 2722 deseruerit,
1096 2679 1138 2711 et
1159 2685 1290 2711 novas
1311 2685 1379 2710 res
1401 2685 1477 2721 ap-

804 2731 1000 2783 petierit:
1022 2731 1146 2783 idquc
1159 2728 1238 2767 hoc
1259 2730 1349 2780 ipso
1368 2735 1477 2765 tem-

802 2801 906 2842 pore
921 2817 934 2838 ‚
965 2802 1060 2828 cum
1091 2787 1221 2826 solam
1254 2799 1320 2824 inc
1343 2785 1477 2824 admi-

1105 2841 1198 2889 1⁴¹2
