1819 3198
256 234 353 278 570
702 242 1295 273 ADNOTATIONES

254 342 503 389 confundas;
543 341 652 396 quod
683 342 812 380 miror
839 354 861 379 a
888 341 979 380 viro
1010 341 1249 380 doctissimo
1279 341 1476 380 iactum
1464 357 1506 380 in
1536 343 1730 398 catalogo

251 398 613 451 Philosophorum.
654 399 737 436 Hic
771 398 877 436 enim
909 399 1097 436 Luciam?
1126 403 1258 436 aetate
1286 399 1415 447 vixit,
1446 400 1508 437 uti
1537 398 1613 439 hoc
1640 403 1730 454 ipso

189 490 194 494 .
251 457 296 495 in
325 457 417 494 loco
446 455 583 500 vides,
615 453 691 497 τοῦ
718 450 829 494 καθ’
858 450 982 505 ημὸἷς.
1014 455 1096 491 SoL
1100 466 1170 491 AN.

372 509 615 552 Ead.l.14.
653 506 740 553 Ουκ
760 510 802 551 ἐν
823 505 1432 563 τοιαύταις-συνισταμένου)
1462 510 1611 562 Spuria
1629 511 1730 553 haec

252 567 450 609 videntur
478 574 519 605 et
545 567 727 605 insititia.
759 567 931 608 Gqu
975 567 1031 604 At
1057 566 1153 605 vide
1180 573 1296 604 notas
1324 567 1729 613 i11sexi0res.Lm1M,

363 625 470 662 lhicl.
500 620 825 675 ’Ίποσχέσεσιν)
863 622 1068 673 Repetiit,
1107 629 1230 674 puto,
1273 623 1463 660 libraiius
1477 623 1729 691 ‘'improxide

251 693 420 729 vocem,
460 693 562 729 quae
589 680 727 731 paullo
762 684 856 716 ante
890 678 1100 716 adsuerat:
1139 678 1438 744 legendumque
1465 674 1728 730 ὑποθέσεσιν,

247 742 299 774 ut
329 750 410 774 non
437 737 490 774 ita
519 737 646 774 multo
680 741 784 787 post,
815 750 933 784 κοινη
955 733 1030 785 μὲν
1048 750 1128 787 γαρ
1156 731 1184 784 ἦ
1210 729 1430 782 ὑπόθεσις.
1467 735 1547 774 Est
1572 736 1728 789 duplex

248 806 376 844 genus
405 792 620 830 artificum.
672 792 776 839 Alii,
806 797 848 828 et
877 792 1007 842 major
1037 790 1200 842 quidem
1230 804 1345 842 pam,
1376 791 1425 829 ad
1455 792 1729 832 imirationem

251 855 337 887 tota
377 861 596 897 conversa,
636 861 739 900 quae
776 847 825 885 ab
863 846 953 884 aliis
992 847 1198 885 elaborata
1235 853 1352 895 sunt,
1396 861 1499 899 quae
1535 849 1729 899 magister

250 905 457 952 ostendit,
494 918 541 942 ea
569 905 667 943 satis
707 903 889 942 feliciter
923 903 1151 941 imitatione
1180 902 1483 955 adsequuntur,
1522 904 1592 945 sed
1622 904 1728 944 nihil

246 961 348 999 novi
377 961 454 1011 ipsi
480 961 719 999 inveniunt:
748 960 906 1012 quoties
925 974 1010 998 non
1030 965 1106 1007 est,
1136 959 1246 1011 quod
1266 960 1500 1009 imitentur3
1528 966 1724 1012 tanquam

248 1016 520 1067 deprehensi.
560 1016 748 1055 haerent.
798 1015 911 1053 Talis
950 1029 1033 1053 non
1070 1022 1133 1053 est
1160 1016 1355 1066 Hippias:
1393 1029 1475 1053 non
1514 1023 1728 1066 exspectat

246 1073 436 1124 exempla
470 1073 620 1111 aliena:
650 1072 739 1124 ipse
768 1072 844 1109 sibi
873 1077 916 1109 et
943 1072 1033 1109 aliis
1066 1072 1301 1121 exemplum
1335 1079 1407 1111 est.
1437 1072 1532 1109 Non
1564 1078 1722 1112 tantum

245 1127 495 1179 designatam
516 1129 706 1166 omnibus
727 1128 844 1166 lineis
865 1127 1037 1178 figuram
1061 1127 1294 1165 describere
1314 1134 1356 1165 et
1376 1128 1599 1166 transferre
1621 1142 1726 1179 pue..

245 1182 319 1223 rili
349 1185 551 1222 industria
584 1190 742 1236 potest,
779 1183 848 1221 sed
884 1186 924 1221 in
957 1184 1052 1221 data
1081 1197 1322 1235 quacunque
1352 1184 1481 1232 linea,
1521 1198 1573 1222 ex
1602 1198 1727 1234 prae-

244 1241 377 1292 ceptis
409 1242 532 1284 artis,
573 1241 845 1293 quodcunque
875 1241 1123 1290 triangulum
1156 1240 1404 1290 postulatum
1431 1240 1582 1288 suerit,
1621 1254 1726 1279 con-

243 1303 420 1335 struere.
451 1297 587 1337 GESN.
644 1298 833 1348 Speciem
865 1310 960 1334 sane
992 1295 1115 1333 habet
1149 1297 1321 1333 Gesnen·
1358 1294 1613 1345 emendati03
1646 1311 1722 1335 nec

240 1359 380 1391 tamen
405 1366 568 1404 sequor.
613 1350 890 1406 ’Υποσχὲσεις,
919 1365 1038 1403 quam
1058 1365 1203 1390 vocem
1228 1352 1415 1390 consulto
1435 1359 1577 1389 auctor
1598 1366 1723 1405 repe·-

241 1409 356 1447 tiisse
382 1409 562 1457 videtur,
589 1409 792 1460 significat
819 1422 894 1453 res,
922 1422 1026 1460 quae
1053 1413 1521 1459 t1actantu1‚quatenus
1546 1411 1638 1459 'quis
1655 1422 1723 1447 eas

239 1464 486 1516 profitetur3
526 1478 622 1515 ergo
625 1439 766 1503 t'idem
800 1464 914 1511 fere,
959 1464 1010 1502 de
1049 1477 1129 1515 quo
1168 1464 1364 1513 cogitavit
1391 1465 1608 1504 Gesnems.
1656 1465 1721 1503 Cf.

242 1520 395 1569 Quom.
426 1521 537 1561 Hist.
561 1520 731 1561 Conscr.
752 1534 790 1558 c.
817 1532 882 1569 27.
912 1520 983 1558 ubi
1010 1519 1133 1570 ἕτερα
1160 1515 1386 1572 υπόσχεσις
1415 1525 1476 1556 est
1500 1519 1625 1557 alteia
1646 1535 1722 1559 re·-

239 1590 359 1624 rum,
393 1591 493 1628 quae
521 1578 570 1615 ab
601 1584 768 1615 auctme
792 1577 1035 1627 agebantur,
1074 1590 1108 1615 c.
1135 1575 1171 1612 6.
1204 1576 1424 1626 promissai
1431 1589 1497 1613 um
1524 1577 1654 1613 sectio
1683 1591 1718 1616 s.

240 1639 364 1682 caput
384 1634 577 1672 alterum.
597 1644 600 1645 ’
617 1633 810 1671 Ceterum
830 1633 983 1684 optime
1014 1645 1133 1670 suum
1160 1631 1392 1670 Lucianum
1414 1633 1598 1683 percepit
1619 1633 1722 1670 Ges-

240 1703 374 1727 nerzcs.
408 1688 503 1727 Vid.
532 1688 654 1727 infra.
694 1689 835 1727 Unum
861 1689 1051 1740 vitupero
1080 1688 1180 1734 hoc,
1211 1687 1320 1738 quod
1344 1688 1513 1726 verbum
1537 1689 1734 1730 συνεῖναι.1

237 1745 301 1784 bis
322 1745 425 1783 male
452 1746 747 1796 interpretatus
771 1752 843 1792 est,
873 1752 958 1782 tum
985 1745 1029 1782 in
1055 1745 1192 1782 verbis
1219 1745 1394 1784 συνεῖναι
1417 1741 1719 1792 πιθανώτατος

239 1814 274 1839 c.
297 1813 336 1842 2.
376 1802 447 1839 ubi
476 1801 682 1839 reddidit:
727 1804 774 1839 in,
811 1815 990 1837 sermone
1028 1800 1298 1838 vehementer
1342 1801 1589 1850 probabilis3
1629 1807 1720 1839 tum

235 1858 376 1908 paullo
419 1863 512 1909 post
550 1857 595 1894 in
632 1858 768 1896 verbis
805 1852 899 1904 ὀξύς
941 1859 1146 1904 συνεῖναι,
1197 1858 1243 1893 in.
1278 1856 1533 1906 disputando
1564 1863 1720 1895 acutus,

235 1911 457 1952 Immemor
476 1913 634 1951 scilicet
659 1919 759 1960 erat,
787 1913 964 1953 συνεῖναι
989 1912 1028 1949 h.
1052 1913 1081 1951 l.
1102 1926 1190 1949 esse
1210 1925 1230 1947 a
1251 1910 1452 1959 συνιέναι,
1478 1925 1554 1948 nec
1573 1926 1718 1963 respe-

238 1975 361 2007 xerat
389 1982 534 2007 vocem
564 1974 776 2018 cognatam
802 1964 991 2016 σύνεσιν,
1036 1981 1137 2005 mox
1161 1981 1198 2007 c.
1223 1968 1264 2008 4.
1302 1973 1344 2005 et
1378 1968 1506 2019 ipsam
1537 1968 1716 2006 obviam.

235 2024 437 2064 Errorem
462 2023 572 2063 hunc
603 2025 775 2062 Gesneri
801 2037 854 2061 ex
881 2030 997 2074 parte
1023 2024 1146 2060 etiam
1174 2024 1348 2060 Belmas
1374 2023 1542 2061 notavit.
1570 2023 1717 2062 LEnM.

350 2080 459 2123 Ead.
480 2081 508 2123 l.
535 2080 598 2120 15.
617 2075 892 2134 Ηὺτύχησαν)
913 2080 1003 2117 Etsi
1023 2080 1121 2117 Flor
1125 2079 1287 2116 entinae
1307 2079 1549 2129 scriptutam
1570 2080 1716 2129 probo,

236 2135 349 2190 quod
377 2142 641 2187 augmentum
668 2137 905 2187 saepissime
936 2136 1073 2173 omitti
1099 2135 1240 2183 soleat,
1270 2141 1432 2172 secutus
1461 2141 1599 2173 tamen
1626 2149 1718 2174 sum

233 2206 454 2231 numerum
491 2192 688 2243 majorem
717 2192 909 2239 illarum,
946 2205 1049 2243 quae
1078 2206 1154 2242 ηυτ
1174 2213 1230 2220 ——
1263 2190 1426 2229 habent.
1467 2189 1563 2235 vid,
1591 2204 1716 2242 supra

235 2249 346 2288 dicta
374 2248 425 2286 ad
454 2247 577 2288 Alex.
605 2261 640 2285 c
664 2259 732 2288 22.
777 2247 858 2287 Pro
886 2249 1009 2298 Imag.
1037 2261 1072 2289 c
1104 2248 1142 2285 3.
1172 2253 1214 2284 et
1241 2261 1275 2284 c.
1300 2260 1364 2299 19.
1388 2247 1418 2285 f.
1453 2245 1525 2284 ubi
1558 2243 1715 2289 ευὸοκί-

234 2320 354 2357 μουν.
397 2305 503 2343 Item
533 2306 677 2343 Amor.
707 2318 741 2342 c.
774 2304 810 2343 6.
831 2318 892 2356 pl·
931 2305 1004 2342 ubi
1039 2309 1082 2342 et
1121 2299 1385 2356 εὐτοὲπιστο,
1424 2316 1506 2341 non
1535 2301 1715 2352 nit—-

233 2360 354 2399 Adde
386 2360 496 2399 dicta
525 2359 576 2397 ad
608 2359 714 2399 Gall
743 2374 833 2412 cap.
831 2319 895 2401 Ρὸ.
917 2359 947 2398 s
993 2359 1055 2397 Ita
1088 2354 1278 2412 ευλόγησε
1306 2360 1350 2397 in
1377 2358 1534 2409 Evang
1554 2359 1714 2401 Matth.

235 2416 354 2461 XIV,
383 2429 446 2467 19.
494 2416 551 2453 Et
575 2418 680 2457 Luc.
704 2416 771 2465 II,
802 2419 870 2454 28.
909 2422 1030 2468 atque
1060 2417 1207 2453 ubivis.
1256 2410 1512 2468 Εὐφρανθη,
1542 2417 1634 2453 Act.
1664 2414 1714 2464 ll,

235 2474 305 2513 26.
333 2487 378 2510 ac
400 2472 560 2523 passim.
590 2470 740 2510 Rmz.
791 2471 859 2512 Cf.
884 2472 952 2510 De
978 2473 1107 2510 Mero.
1129 2470 1258 2510 Cond.
1277 2485 1316 2513 c.
1342 2483 1406 2514 12
1436 2477 1477 2510 et
1501 2471 1639 2510 adnot.
1662 2472 1712 2511 ad

234 2529 360 2569 Diall.
388 2529 518 2569 Mart.
540 2526 661 2575 XIII,
694 2542 726 2566 1.
757 2528 904 2568 me.

340 2584 447 2623 Ibid
477 2580 599 2625 Kato?
628 2560 689 2635 (5:¹3)
720 2583 928 2622 Mathesin
955 2583 1122 2622 minime
1143 2580 1292 2621 cultam
1316 2583 1442 2622 fuisse
1465 2596 1487 2620 a
1508 2584 1712 2631 Luc-iano,

236 2640 335 2679 alibi
363 2639 590 2678 docuimus.
615 2640 668 2679 V.
699 2640 781 2678 Pro
812 2640 933 2691 Laps.
960 2654 995 2680 c.
1019 2641 1058 2684 5,
1084 2646 1126 2677 et
1153 2641 1345 2680 Hermon.
1370 2653 1403 2677 c.
1427 2639 1492 2690 74.
1527 2639 1609 2677 Hic
1639 2652 1712 2677 au-

235 2703 320 2735 tem
349 2695 465 2734 vides
495 2703 536 2734 et
557 2696 744 2749 iniquum
764 2709 901 2734 rerum
921 2709 1058 2734 earum
1076 2697 1373 2734 aestimatorem
1393 2701 1436 2733 et
1455 2695 1710 2745 imperitum,

238 2759 287 2792 ut
316 2751 388 2806 qui
417 2753 598 2805 primum
626 2752 810 2792 omnium
836 2753 1081 2804 geometriae
1108 2752 1330 2803 problema,
1358 2752 1473 2805 quasi
1503 2764 1710 2791 summum
