1819 3198
460 302 529 336 in
581 300 1191 337 PHILOPSEUDEM.
1467 296 1564 344 547

195 404 303 444 End.
323 405 350 443 l.
381 401 443 444 15.
478 398 630 456 Πάνᾰ)
664 402 776 447 Pan,
814 415 907 440 curn
938 398 1211 440 Athenienses
1242 401 1347 443 duce
1375 406 1565 450 Miltiade

83 474 178 501 cum
195 461 333 500 Persis
359 466 494 498 essent
522 459 758 497 dimicaturi
787 457 831 495 in
859 471 1001 508 campo
1025 458 1299 508 Marathonio,
1328 475 1374 500 eo
1400 465 1441 502 in
1471 467 1564 507 loco

84 519 255 557 Graecis
271 518 470 555 auxilium
491 516 598 563 tulit,
619 520 740 566 atque
768 514 963 565 repressit
982 514 1199 554 Persarum
1229 517 1437 558 ferociam.
1462 523 1564 560 Me-

82 575 204 614 minit
245 574 412 612 leeoer.
453 572 497 610 in
530 572 692 622 Syring.
731 569 867 607 COGN.
926 569 976 607 ln
1016 570 1119 609 Jove
1160 572 1388 624 Tragoedo.
1425 564 1562 630 Zong.

81 631 152 669 lib.
176 632 212 669 3.
241 630 407 670 Bounn.
469 626 626 667 Confer
658 627 784 665 Diall.
813 626 944 667 Deor.
973 626 1119 669 XXII.
1144 642 1289 668 versus
1323 630 1392 669 fin.
1422 639 1464 671 et
1490 635 1563 674 Bis

81 688 233 727 Aecus.
255 700 341 738 cap.
363 699 401 737 9.
432 686 592 724 SOLAN.

195 745 305 794 Pag.
330 746 425 783 242.
448 741 474 779 l.
502 742 565 780 15.
594 734 839 792 Εὐκράτους
861 735 937 780 τοῦ
951 734 1084 788 πάνυ)
1107 738 1173 778 Ad
1194 742 1404 781 Palmeria·
1421 752 1562 787 notam

80 796 245 837 addidit
264 800 384 836 Kast.
425 796 507 836 Sed
533 797 567 834 is
594 796 723 847 (apud
752 792 990 847 Aristoplz.)
1022 804 1193 834 vocatur
1216 801 1448 851 Epicrates,
1476 816 1562 844 non

78 855 298 894 Eaerates.
343 854 494 891 Dionis
523 853 630 891 filius
660 852 813 890 dicitur
843 865 929 903 cap.
961 864 1025 902 17.
1074 853 1118 890 Si
1151 853 1260 892 idem
1291 856 1366 904 sit,
1397 857 1448 895 de
1477 872 1559 909 quo

78 910 125 950 in
155 910 263 951 Gall.
294 913 360 957 (c.
387 910 454 960 7.)
487 909 655 947 infanda
685 909 754 946 illa
782 908 984 956 narravit,
1025 909 1125 959 quid
1151 909 1203 948 de
1230 912 1425 950 Luciano
1460 928 1561 955 cen-

77 966 264 1015 sendum,
296 967 364 1018 qui
395 966 492 1004 talia
520 966 692 1012 efferat,
719 970 790 1002 aut
818 964 869 1002 de
896 965 1038 1002 aetatis
1064 965 1177 1004 illius
1206 964 1456 1020 hominibus,
1488 974 1562 1025 qui

77 1023 176 1061 talia
203 1024 290 1060 sine
319 1022 477 1073 pudore
506 1028 549 1059 et
577 1022 746 1059 infamia
775 1020 998 1059 audirent?
1025 1021 1186 1059 SOLAN.

192 1080 309 1130 Pag.
331 1078 531 1117 243.1.3.
561 1071 819 1125 Διεξιόντες)
858 1076 906 1114 ln
939 1078 1128 1114 omnibus
1157 1078 1274 1116 libris
1304 1087 1422 1120 antea
1447 1083 1561 1135 lege-

76 1134 199 1174 batur
227 1130 464 1182 διεξιόντος,
491 1134 606 1171 nullo
629 1147 794 1184 prorsus
815 1146 948 1171 sensu.
980 1133 1076 1173 vid.
1098 1147 1129 1170 c.
1150 1146 1216 1187 ²9·
1238 1136 1408 1175 eandem
1429 1139 1561 1188 phra-

75 1192 154 1233 sin.
187 1191 341 1228 SOLAN-
389 1185 658 1239 Διεξιόντος)
699 1190 839 1227 Primo
889 1188 1044 1227 intuitu
1085 1186 1303 1238 διεξιόντες
1341 1193 1560 1247 blanditur,

75 1247 192 1299 quasi
211 1247 262 1284 ad
282 1243 498 1299 Ἐριννύες
513 1247 742 1298 pertineret
762 1251 989 1286 narrantes.
1026 1245 1106 1282 Sed
1126 1246 1317 1285 adcurate
1338 1261 1426 1287 rem
1447 1266 1561 1302 pon-

73 1303 237 1343 deranti
279 1304 489 1354 vulgatum
527 1302 695 1339 omnino
730 1300 976 1339 servandum
1006 1301 1239 1352 adparebit:
1289 1317 1383 1342 nam
1425 1320 1560 1360 neque

71 1359 280 1410 Erinnyes
302 1359 522 1411 quidquam
553 1362 733 1403 narrant,
763 1370 839 1394 nec
866 1357 942 1394 alia
965 1358 1202 1405 multitudo,
1230 1359 1300 1396 sed
1330 1360 1560 1405 Eum-ates:

72 1415 123 1453 ad
144 1414 254 1452 hunc
279 1415 407 1466 igitur
429 1419 587 1466 spectat
615 1409 836 1460 διεξιόντος
856 1413 1040 1451 absolute
1055 1415 1261 1464 positum3
1289 1429 1422 1468 neque
1438 1422 1559 1471 quis..

23 1506 24 1509 ,
75 1484 198 1523 quam
240 1470 292 1508 de
332 1472 485 1523 populo
526 1469 724 1507 Nostrum
763 1469 970 1519 expulisse
1008 1470 1214 1520 resertur3
1254 1470 1325 1510 sed
1367 1475 1453 1524 ipsa
1485 1478 1557 1516 illa

69 1533 303 1565 monstrosa
344 1528 453 1564 dicta
486 1526 603 1563 illum
644 1525 891 1574 abegerunt,
945 1525 1168 1577 eademque
1205 1527 1245 1565 ei
1280 1528 1400 1567 suere
1440 1535 1555 1583 quasi

69 1581 300 1634 Erinnyes3
354 1595 531 1635 cumque
573 1580 872 1618 sollicitudines
915 1587 1039 1633 atque
1076 1582 1301 1621 anxietates
1331 1589 1480 1625 mentis
1510 1604 1557 1628 re

68 1651 169 1678 vera
203 1653 279 1690 per
306 1639 436 1677 furias
467 1638 673 1688 designari
703 1637 845 1675 docuit
876 1637 1028 1686 Civem,
1056 1645 1168 1676 recte
1193 1645 1235 1676 et
1259 1641 1413 1678 Noster
1441 1644 1557 1682 indi..

66 1695 305 1746 gnationem-
336 1701 378 1732 et
402 1695 657 1733 aversionem
697 1707 811 1730 suam
842 1692 921 1731 hoc
951 1694 1118 1731 nomine
1151 1703 1294 1739 vocat,
1340 1711 1442 1748 quae
1469 1714 1555 1740 non

65 1764 184 1803 passa
211 1752 266 1789 sit
291 1751 426 1803 ipsum
458 1749 613 1787 diutius
642 1748 763 1788 isthic
793 1749 875 1786 loci
906 1751 1141 1790 consistere.
1171 1751 1321 1789 Rm'rZ.
1362 1753 1555 1802 Διεξιόμ-

65 1820 136 1854 τες
165 1806 216 1844 ad
240 1801 464 1859 Ἐριννύας
493 1807 645 1844 referri
671 1806 780 1844 salva
812 1806 1087 1844 Grammatica
1116 1819 1201 1845 non
1233 1815 1379 1858 potest.
1417 1811 1554 1852 GEsN.

64 1862 229 1901 Retulit
268 1869 406 1903 tamen
445 1863 566 1902 etiam
601 1862 741 1900 leom.
772 1862 923 1899 Jlfforus
949 1861 995 1899 in
1024 1862 1368 1914 interpretatione
1388 1866 1552 1913 Latina,

63 1916 214 1957 LtnM.

176 1975 288 2014 Ead.
315 1975 343 2016 l.
366 1976 406 2014 4.
433 1970 701 2023 Ἀξιόπιστος·
725 1969 748 2015 ὅ
780 1967 998 2026 Εὐκράτης
1030 1973 1118 2014 ἐστὶ
1135 1995 1191 2002 --
1213 1971 1355 2028 βαθύν
1376 1975 1554 2031 πώγωνὰ

63 2029 334 2083 καθειμένος)
355 2031 554 2069 Eucrates
575 2030 738 2082 quidam
762 2029 1025 2067 Atheniensis
1047 2030 1144 2067 olim
1172 2031 1253 2069 suit
1274 2034 1434 2082 prolixa
1457 2037 1553 2074 bar-

67 2087 117 2125 ba
145 2088 346 2137 insignis,
375 2094 416 2125 et
443 2101 491 2125 eo
520 2087 686 2124 nomine
714 2086 944 2134 traducitur
973 2086 1021 2122 ab
1053 2086 1334 2136 Aristophane
1363 2089 1408 2126 in
1437 2091 1552 2131 Con..

63 2143 349 2190 cionantibus,
388 2143 486 2181 dum
516 2141 676 2180 inducit
706 2142 920 2179 mulierem
946 2141 1111 2179 barbam
1141 2141 1338 2180 factitiam
1371 2145 1547 2185 afferen-

63 2205 147 2238 tem
175 2204 217 2237 et
245 2199 465 2243 dicentem,
495 2193 620 2251 Κᾷγώ
648 2194 694 2249 γ’
720 2192 963 2249 Εὐκράτους
989 2193 1065 2238 οὐκ
1092 2193 1206 2249 ὀλίγα
1232 2198 1436 2241 καλλίονα.
1481 2204 1549 2244 Ad

63 2268 168 2308 quae
201 2255 258 2293 sic
288 2253 559 2293 Scholiastes:
598 2249 721 2300 οὗτος
763 2256 819 2300 εἰς
853 2250 1065 2301 δασύτητα
1101 2255 1374 2305 κωμῳδεῖται,
1423 2252 1476 2307 ἦν
1503 2261 1549 2302 δὲ

61 2308 207 2367 ῥήτωρ
239 2310 314 2352 καὶ
339 2306 606 2364 δημαγωγός,
654 2307 774 2357 οὗτος
802 2311 931 2363 μέγαν
961 2306 1140 2362 πώγωνα
1178 2309 1285 2362 ἔχων
1313 2311 1547 2358 ἐπεκαλεῖτο

63 2364 333 2420 σακεςφόρος.
380 2368 492 2419 Ergo
515 2370 549 2404 si
565 2367 765 2418 quendam
794 2366 1014 2403 Eum-arem
1044 2366 1205 2416 prolixa
1234 2374 1274 2404 et
1292 2371 1425 2419 ampla
1451 2372 1547 2410 bar..

60 2424 113 2462 ba
138 2425 339 2475 insignem
370 2437 443 2461 suo
471 2431 655 2473 tempore
686 2428 856 2460 noverat
883 2424 1123 2469 Luc-ianus,
1150 2428 1192 2458 et
1217 2423 1259 2459 in
1288 2429 1475 2475 nomine,
1503 2435 1546 2467 et

58 2480 105 2518 in
139 2478 349 2531 pilositate
384 2493 476 2517 cum
512 2486 679 2530 antiquo
709 2477 781 2515 illo
815 2478 1098 2518 conveniebat.
1156 2477 1407 2521 Namxillum
1434 2486 1546 2521 anti-

63 2549 188 2588 quum
220 2549 303 2574 non
335 2536 477 2574 debuit
504 2536 724 2583 inducere,
757 2532 917 2585 quando
943 2533 986 2570 in
1018 2547 1066 2571 eo
1095 2532 1256 2583 dialogo
1288 2534 1338 2572 de
1368 2537 1543 2588 Peripa-

60 2593 282 2630 teticorum
311 2594 434 2630 sectis
463 2598 505 2629 ct
534 2604 627 2630 cum
655 2590 834 2627 Eucrate
866 2589 1131 2627 disserentem
1161 2589 1427 2630 Cleodemum
1461 2595 1544 2632 Pe-

58 2648 319 2698 ri'pateticum
350 2648 521 2686 inducit.
566 2648 619 2683 At
644 2645 940 2696 Peripateticae
967 2651 1101 2682 sectae
1129 2651 1274 2683 auctor
1302 2648 1542 2689 Aristoteles

59 2709 154 2755 post
183 2703 499 2756 Aristophanem
532 2709 573 2740 et
604 2703 821 2738 Eue-ratem
851 2701 974 2740 vixit.
1008 2701 1146 2740 PALM.

177 2761 281 2800 Ead.
314 2761 342 2800 l.
383 2773 442 2800 12.
486 2752 879 2810 Παραστησοὲμενος
918 2752 972 2797 roc*
1009 2755 1186 2805 παιδία)
1223 2757 1311 2794 Jac.
1339 2758 1458 2796 Elsn.
1489 2761 1542 2800 ad

57 2814 212 2867 Evang.
244 2815 398 2855 ΜαιιΙι.
431 2816 627 2863 XXV11‚
661 2815 727 2852 25.
771 2813 842 2851 ubi
878 2812 1053 2864 legitur,
1079 2810 1153 2913 1(0⁸
1184 2812 1284 2863 αἷμα
1313 2810 1445 2856 αὐτοῦ
1463 2814 1541 2869 ἐφ’,

1108 2867 1130 2912 1
1149 2885 1197 2913 In
1229 2871 1260 2912 2
