1819 3198
215 217 315 266 552
642 226 1244 263 ADNOTArioNEs

216 343 320 379 muS,
350 337 395 369 ut
419 330 487 369 De
515 328 640 370 Luct.
665 343 752 381 cap.
775 341 812 378 7.
840 327 936 366 Vid.
965 329 1128 368 Kaster.
1155 327 1256 371 Not.
1275 327 1325 367 ad
1346 329 1498 371 Jambl.
1516 329 1600 373 No.
1627 331 1698 373 58.

217 387 569 425 Incantationibus
595 393 804 436 serpentes
834 399 856 422 e
885 384 1067 422 latibulis
1104 385 1227 436 vulgo
1266 382 1424 424 elicitos
1458 386 1585 425 tradit
1617 395 1699 429 Ae·

218 445 326 482 Ζίαη.
359 443 410 480 de
433 445 509 480 An.
532 441 615 491 VI,
640 443 692 481 33
737 441 895 482 SOLAN.
941 441 1021 478 Pro
1052 443 1309 479 correctione
1339 442 1488 479 Solam:
1514 456 1597 481 non
1626 457 1700 482 so·-

216 500 305 545 lum
334 499 445 547 facit,
476 499 583 549 quod
602 504 655 540 ,et
684 511 806 548 supra
836 496 886 533 de
915 495 1035 538 Luct.
1070 499 1106 548 §.
1131 509 1170 547 7.
1196 497 1325 547 legaS,
1362 494 1531 538 ἐπειδᾶν
1569 513 1700 541 συνα-

219 553 404 597 λισθῶσι
432 555 583 602 πολλοὶ,
610 554 680 592 sed
707 555 800 605 qnia
827 558 1048 602 συνηυλ-
1069 568 1090 590 a
1121 555 1428 606 συναυλίζομαι,
1459 569 1696 602 commoror,

219 611 288 649 hic
308 625 471 650 sensum
491 612 651 649 nullum
676 609 855 648 exhibet.
893 609 1018 647 Aliud
1044 610 1166 657 soret,
1199 610 1249 654 si,
1281 610 1388 661 quod
1413 611 1565 654 nescio,
1597 627 1699 652 συν..

220 663 470 718 ηυλῆθησαν
512 667 681 705 daretur
720 679 741 703 a
784 664 1082 716 συναυλοῦμαι,
1131 666 1331 704 sibilando
1369 680 1596 717 congrego,
1632 668 1702 706 vel

219 724 359 762 fistula
380 736 578 766 convoco,
607 729 654 760 ut
682 727 863 773 pastores
894 723 1026 759 solent
1054 735 1300 772 congregare
1327 736 1445 772 oves;
1474 728 1565 761 tum
1595 722 1703 763 nihil
1758 724 1765 731 '

220 780 310 818 sine
338 780 583 819 auctoritate
610 777 743 817 Codd.
769 780 1058 819 immutassem‚
1093 776 1246 816 me.
1368 793 1371 795 ·

334 836 442 874 Ead.
464 836 490 873 l.
515 836 581 875 15⁷.
607 835 843 888 Γίγνεσθαι
863 831 914 874 ἂν
945 828 1050 873 αὐτοὶ
1077 832 1313 880 πιστεῦσαι)
1341 833 1388 872 ln
1410 834 1705 873 collectaneo-⁶

220 905 314 931 :rum
346 893 438 929 Gal.
469 905 552 928 uno
584 890 737 928 Codice
769 891 939 928 deerant
965 891 1210 941 posteriores
1237 891 1340 928 duae
1368 905 1514 938 voces,
1557 898 1597 929 et
1623 905 1702 942 pro

221 949 464 1000 γίγνεσθαι,
496 944 721 988 πιστεῦσαι
749 953 848 989 erat.
903 946 992 999 Ego
1020 943 1237 987 πιστεῦσαι
1259 960 1426 999 prorsus
1456 946 1705 1000 ejiciendum

220 1017 380 1042 censeo.
409 1005 569 1046 SoLAN.

334 1062 449 1110 Pag.
476 1059 626 1100 252.1.
653 1059 717 1099 13.
753 1054 828 1100 Ἐν
862 1057 1071 1101 Γλαυκίου
1109 1056 1188 1101 τοῦ
1219 1053 1528 1109 Ἀλεξικλέους)
1568 1057 1703 1098 Video

220 1116 360 1164 verti,
391 1117 438 1152 ia
469 1116 650 1153 Glaucia
681 1116 884 1155 Alex-ielis
906 1117 1021 1164 filio,
1065 1114 1121 1153 At
1144 1115 1245 1153 tales
1272 1115 1316 1153 hi
1346 1117 1592 1166 interpretes
1623 1112 1704 1154 de·-

221 1172 402 1209 buerunt
421 1185 583 1222 quoque
604 1172 750 1208 lectori
776 1172 1080 1220 demonstrare,
1112 1172 1211 1223 qnid
1233 1173 1275 1209 in
1297 1186 1346 1209 eo
1373 1171 1528 1209 sactum
1549 1173 1703 1221 suerit3

223 1227 333 1279 quod
365 1228 528 1278 quidem
552 1225 595 1264 in
620 1227 694 1264 hac
716 1228 916 1265 relatione
945 1241 1109 1278 prorsus
1137 1228 1242 1265 nihil
1266 1228 1426 1266 dicitur.
1454 1227 1566 1277 Quid
1589 1228 1701 1266 enim

221 1283 351 1330 aliud,
383 1297 501 1334 quam
530 1282 704 1321 retinuit
735 1284 861 1320 semel
891 1289 1132 1334 conceptum
1165 1298 1359 1332 amorem,
1388 1284 1518 1322 donec
1543 1284 1702 1335 potire·-

221 1345 291 1377 tur
321 1345 467 1381 amato,
522 1340 578 1376 At
607 1339 708 1376 haec
743 1340 900 1386 omnia,
940 1353 1041 1390 quae
1081 1346 1329 1386 narrantur,
1367 1340 1629 1389 contigerunt
1657 1339 1703 1378 in

225 1394 348 1432 domo
380 1395 589 1443 Glauciae,
620 1401 668 1432 ut
697 1401 809 1445 patet
840 1409 893 1432 ex
923 1395 1081 1432 duobns
1107 1396 1230 1443 locis,
1257 1396 1324 1433 vel
1358 1396 1453 1433 dum
1483 1395 1551 1432 1110
1577 1395 1705 1446 adju-

221 1456 290 1488 tor
317 1451 420 1488 dicit
445 1465 488 1488 se
513 1447 625 1503 ἄγειν
655 1451 805 1492 ε’κεῖνον
833 1448 965 1502 μάγον
997 1447 1103 1502 πυὸς
1134 1467 1287 1500 αυῑον,
1318 1457 1359 1488 et
1388 1451 1493 1502 quod
1524 1456 1611 1488 tum
1635 1450 1705 1489 1110

222 1506 375 1544 (licitur
409 1502 575 1560 βόθρον
618 1504 854 1558 ὀρύξασθαι
896 1508 940 1547 ἐν
981 1507 1136 1560 αιθρίῳ
1169 1524 1251 1548 τινι
1281 1504 1353 1555 τῆς
1392 1508 1527 1555 οικίας
1557 1520 1704 1558 nempe

222 1563 431 1613 ejusdem,
462 1565 531 1600 vel
561 1564 668 1614 quod
699 1564 862 1601 tandem
885 1565 978 1614 ipsa
1008 1563 1178 1612 Chrysis
1207 1563 1355 1613 ἐπέστη
1384 1560 1597 1604 κόπτουσα
1627 1559 1705 1613 τὴν

221 1614 360 1671 θύραν
381 1618 452 1659 καὶ
474 1617 716 1665 εἰςὲλθοῦσα
739 1626 896 1657 versata
923 1626 983 1657 est
1002 1633 1095 1656 cuin
1119 1620 1306 1658 Glaucia.
1336 1621 1475 1670 Itaque
1499 1619 1540 1660 ἐν
1562 1623 1707 1661 Γλαυ-

219 1674 309 1714 κίου
335 1688 446 1712 nunc
475 1676 629 1725 accipe,
661 1681 708 1712 ut
735 1677 843 1713 circa
871 1676 994 1713 finem
1026 1675 1170 1713 harum
1196 1675 1445 1713 insaniaium
1471 1675 1513 1715 ἔν
1541 1670 1702 1727 Ἀμφι-

220 1726 364 1782 λόχου,
399 1730 441 1771 ἔν
470 1728 734 1782 Εὐκράτους.
762 1731 980 1769 Piaeteiea
1002 1732 1082 1769 viri
1111 1729 1239 1778 docti,
1270 1732 1338 1782 qui
1369 1731 1599 1770 Lucianum
1623 1744 1708 1782 pu-

219 1786 330 1824 blico
360 1786 578 1831 dederunt,
609 1801 779 1836 vereor,
821 1794 868 1824 ut
898 1789 1003 1825 bene
1034 1788 1296 1838 contemplati
1328 1787 1409 1824 sint
1437 1787 1566 1824 libros
1596 1787 1705 1825 scri-

219 1847 334 1892 ptos,
360 1842 456 1879 dum
488 1856 606 1890 eum,
639 1857 759 1894 quem
792 1856 900 1881 nunc
930 1843 1073 1880 dicunt
1100 1844 1229 1880 silium
1258 1839 1557 1891 Ἀλεξικλέους,
1598 1855 1700 1881 mox

220 1898 271 1934 ab
300 1898 487 1935 Luciano
518 1900 643 1936 scribi
671 1898 849 1946 faciunt,
891 1900 1004 1949 quasi
1031 1905 1188 1949 patrem
1218 1897 1410 1935 habuerit
1439 1895 1707 1948 Ἀναξικλεάζ

222 1966 276 1989 ex
307 1953 453 2004 quibus
484 1966 628 1992 verum
661 1954 811 2003 eligere
841 1954 928 1991 sine
958 1956 1201 1992 auctoritate
1230 1954 1443 1991 vetustatis
1475 1956 1703 2005 nequimus.

222 2003 364 2046 GnoN.
405 2009 472 2046 Sic
500 2010 610 2048 infra
630 2024 663 2052 c.
689 2011 754 2047 38.
786 2009 831 2050 ἐν
854 2005 1133 2063 Ἀμφιλόχου,
1165 2009 1279 2062 quod
1307 2010 1471 2059 videat,
1506 2011 1574 2048 cui
1603 2023 1706 2062 opus

221 2070 298 2102 est.
324 2065 475 2101 ΒΕΙΤΖ.

332 2121 441 2162 lbisl.
467 2118 780 2173 Ἀναξικλεόυς)
805 2121 891 2159 Aut
917 2122 974 2159 ita
1000 2122 1093 2172 hic,
1123 2128 1170 2159 ut
1199 2122 1308 2161 infra
1335 2118 1531 2170 Ἀναξ-
1559 2121 1708 2172 legen-⁴

222 2174 345 2224 (lumg
376 2183 447 2213 aut
478 2179 501 2215 i
499 2179 562 2215 'lic
592 2175 712 2226 Ale}
728 2202 778 2209 —
811 2178 918 2229 quod
947 2178 1012 2215 hic
1036 2180 1078 2215 in
1104 2180 1222 2228 impr.
1259 2183 1370 2222 erat,
1407 2177 1705 2229 reponendum.

221 2231 377 2269 801ΑΝ.
412 2229 708 2283 Ἀλεξικλέους)
738 2235 878 2272 S.0lan
914 2235 957 2271 in
991 2240 1093 2272 nott.
1124 2233 1230 2271 nihil
1261 2234 1415 2275 definit
1462 2236 1509 2271 In
1537 2235 1571 2271 J.
1602 2247 1704 2271 vero

218 2282 401 2334 Ἀλεξ-
435 2289 595 2338 deleto,
624 2286 755 2337 Ἀμαξ
776 2310 832 2317 --
862 2285 1544 2341 103011ρεο1ᾟῒ.ΕςοἫΛλεξικλεα
1574 2305 1706 2342 στρα-

220 2359 343 2393 τηγον
381 2344 547 2382 invenio
578 2347 684 2397 apud
722 2346 906 2395 'llmejcl
929 2346 1097 2393 V111,c.
1123 2358 1189 2398 92.
1228 2346 1338 2383 Num
1370 2360 1468 2384 velo
1502 2346 1610 2383 idem
1635 2346 1703 2392 sit,

221 2399 271 2435 de
302 2413 381 2450 quo
414 2398 507 2444 hic,
544 2415 624 2438 non
663 2401 793 2439 liabeo
824 2402 971 2450 dicere.
1007 2403 1160 2443 Rfflrz.
1218 2403 1381 2439 Forsan
1403 2401 1508 2439 nihil
1538 2406 1704 2438 mutan-

221 2454 331 2496 dum,
376 2456 533 2503 Quidni
560 2458 666 2494 enim
696 2459 816 2494 liceat
850 2447 1055 2505 mendaci,
1090 2472 1172 2495 non
1207 2471 1291 2495 esse
1320 2457 1579 2495 memorem?
1609 2457 1702 2497 BIP.

218 2510 295 2546 llis
325 2513 585 2560 Bipontinus
615 2513 750 2551 editor
780 2515 924 2550 Benna·
956 2515 1200 2551 sententiam
1233 2515 1389 2561 refert,
1430 2526 1574 2564 quam,
1605 2512 1702 2550 dum

218 2566 417 2603 alterutra
446 2569 623 2605 nominis
657 2569 789 2606 forma
829 2569 1028 2607 Codicum
1068 2570 1311 2608 auctoritate
1337 2583 1434 2621 prae
1464 2569 1590 2606 altera
1618 2567 1700 2605 fir-

218 2628 325 2659 mata
356 2622 498 2672 suerit,
530 2631 668 2661 tenere
696 2624 849 2661 licebit.
882 2625 1028 2664 LEHM.

331 2679 446 2728 Pag.
469 2677 565 2720 253.
590 2680 616 2717 l.
643 2693 678 2718 1.
704 2675 901 2729 Ἀνέλυε)
944 2679 1115 2732 Optimo
1153 2695 1249 2719 sane
1288 2681 1459 2719 consilio
1497 2678 1558 2717 sic
1593 2678 1702 2730 apud

217 2737 379 2772 veteres
410 2741 693 2787 comparatum
725 2743 824 2786 erat,
851 2742 912 2785 ut,
940 2738 1181 2790 priusquam
1209 2737 1406 2789 Logicam
1436 2735 1701 2786 docerentur,
