1819 3198
1563 160 1578 178 1

577 217 648 250 ru
708 216 1122 250 unp-curum.
1483 204 1585 254 587,

102 321 290 364 laudasse
318 318 483 359 videtur
512 331 568 358 ex
594 316 813 357 memoria:
850 316 1002 369 prioris
1033 316 1143 356 enim
1170 315 1476 359 hemistichium
1502 335 1585 373 po-

101 380 250 420 sterius
280 377 389 430 apud
407 378 635 413 Homerum
654 374 709 412 ita
731 387 774 411 se
799 372 945 422 habet,
969 368 1149 427 χαλεπόν
1171 373 1218 417 δέ
1238 390 1283 416 σε
1310 375 1443 429 γῆρας
1466 373 1584 420 dud..

103 438 176 486 ζει.
234 434 346 472 Usus
385 446 475 470 sum
511 431 662 469 horum
702 429 1002 469 versiculorum
1043 431 1232 469 versione
1273 433 1578 486 Obsopoeiana,

104 507 184 547 qua
214 491 424 529 meliorem
455 501 476 525 a
508 501 571 525 me
595 485 682 524 dari
708 498 828 536 posse
858 485 1133 537 desperabam.
1167 487 1302 528 GESN.

218 549 330 599 Pag.
358 546 453 584 305.
473 544 502 584 l.
526 555 563 583 1.
593 537 658 593 Σῆ
687 541 730 584 δὲ
757 541 830 597 βίη
856 542 1022 584 λέλυται
1042 540 1138 595 etc.)
1177 545 1306 586 Hom.
1330 543 1377 584 11.
1405 548 1454 591 Θ,
1490 544 1604 589 105.”

105 604 267 644 soris.

222 658 328 697 Ead.
359 657 388 697 l.
411 656 451 695 4.
496 650 572 703 Ἐς
609 649 708 702 τούς
744 649 893 703 πόδας)
931 650 1005 704 Ἐς
1041 651 1117 704 τοῖς
1151 650 1300 705 πολιοῖς
1338 658 1583 701 emendabat

107 717 305 763 Belinzcs‚
329 711 528 752 vertendo
543 739 555 756 ‚
591 726 699 762 pour
718 712 864 750 railler
882 725 964 750 mes
990 712 1169 751 chevezcx
1192 713 1349 757 blanc-S,
1378 714 1472 756 Bm.

224 771 332 808 Ead.
354 770 381 807 l.
406 781 443 823 9·
470 763 650 815 Εἰςιὸαἷν
674 764 744 820 με)
771 769 837 805 An
865 762 1025 814 εἰςιὸών
1046 785 1128 820 μου
1157 765 1387 812 ὕποπόλιον
1414 769 1588 824 γένειον.1

108 826 190 867 Vel
219 827 276 865 sic
303 826 467 878 potiuS,
496 819 658 871 εἰςιὸών
685 838 735 877 με
763 819 1018 871 ὑποπόλιον,
1045 825 1104 864 ita
1130 831 1178 863 ut
1200 821 1250 867 zo*
1271 824 1444 880 γένειον,
1474 827 1588 880 quod

111 885 310 936 glossema
336 881 527 924 videtur,
558 879 758 934 ejiciatur.
815 880 896 918 Sed
924 879 1066 934 ἐπέχω.
1110 881 1256 920 Lectio
1280 890 1393 921 certe
1420 886 1590 934 vulgata

111 953 196 980 non
228 939 376 992 placet.
408 935 577 976 GUYss'r.
627 937 671 974 Si
699 931 747 977 zo*
764 934 917 990 γένειον
936 937 1167 988 legeretur,
1192 937 1336 977 forsan
1355 953 1437 978 non
1461 955 1592 992 quae-—

112 999 233 1035 sisset
263 993 532 1033 mutationem
562 993 764 1043 G11yetzc8,
794 993 953 1044 planior
975 994 1082 1031 enim
1101 994 1213 1031 foret
1239 996 1451 1045 sententia,
1479 992 1592 1039 κατοῖ

112 1053 304 1102 intelligi.
373 1049 532 1093 Verum
574 1063 679 1086 anne
717 1048 808 1088 eod.
848 1048 970 1086 modo
1007 1050 1191 1087 construi
1235 1052 1388 1102 poterit
1423 1053 1594 1093 absente

115 1106 323 1147 articulo?
365 1119 487 1158 quem
520 1111 657 1144 tamen
694 1105 816 1144 facile
843 1104 1129 1158 admitterem,
1175 1106 1211 1144 si
1247 1107 1399 1146 alicubi
1425 1109 1595 1158 inveni-2

114 1178 216 1205 rem.
245 1164 401 1203 Rem-z.

241 1220 349 1258 Ead.
373 1219 403 1258 l.
427 1231 465 1270 9.
505 1214 869 1269 Χρυσοφαὲννων)
910 1212 1106 1258 Senarius
1141 1230 1197 1257 ex
1233 1218 1494 1259 Anacreonte
1522 1227 1597 1263 aut

118 1277 199 1315 alio
237 1275 416 1328 quodam
454 1275 588 1325 po'c'ta.
646 1271 805 1327 Χρυσῷ
841 1272 1026 1324 φαευνῶν
1060 1275 1104 1315 εἰ
1136 1270 1388 1327 βεβούληται
1411 1277 1598 1331 πτερῶνᾱ

119 1332 201 1371 Sed
231 1347 253 1370 a
281 1333 474 1370 Luc-iatzo
502 1330 772 1381 interpolatus
795 1330 968 1368 videtur.
995 1331 1164 1369 Gen-T.
1204 1332 1484 1371 Anacreontis
1509 1349 1598 1374 esse

119 1389 215 1427 satis
243 1386 420 1430 indicat,
448 1399 544 1424 cum
574 1387 723 1437 Tejum
745 1386 904 1437 poetam
926 1392 1068 1435 vocat,
1098 1386 1170 1425 sed
1187 1388 1336 1427 nullibi
1364 1390 1470 1441 apud
1500 1404 1598 1431 eum

118 1445 164 1483 in
202 1445 276 1491 iis,
316 1455 419 1494 quae
456 1448 700 1493 supersunt,
736 1442 913 1493 reperio.
946 1441 1038 1482 Vid.
1071 1443 1175 1482 Eur.
1205 1446 1315 1496 (pag.
1339 1447 1431 1485 230.
1453 1446 1502 1489 A,
1524 1448 1599 1498 B.)

119 1500 249 1552 Hipp,
279 1498 399 1547 1276,
429 1497 480 1536 de
519 1495 726 1548 Cupidine
759 1498 917 1536 dictum
944 1495 1202 1552 χρυσοφαής.
1231 1501 1387 1539 δοιΑΝ.
1427 1506 1602 1556 ,Χρυσο-

121 1555 311 1609 φαέννων
334 1575 390 1581 .-
415 1546 643 1606 πτερύγων)
681 1553 776 1593 Non
810 1562 1006 1606 apparet,
1051 1555 1258 1607 quomodo
1293 1555 1363 1595 hic
1399 1558 1513 1598 locus
1547 1561 1605 1600 sit

120 1613 320 1664 genitivo.
379 1611 498 1658 Fuit,
537 1609 687 1659 cred0‚
725 1609 834 1661 apud
869 1612 1172 1649 Anacreontem
1198 1608 1418 1667 πτερύγοιν
1444 1630 1602 1668 χρυσο-

125 1667 347 1720 φαέννων·
387 1666 446 1704 sic
483 1666 590 1704 enim
628 1665 851 1717 respondet
895 1666 1057 1705 dativus
1097 1665 1236 1707 dativo
1271 1667 1423 1718 αἐτοῒς.
1464 1673 1602 1713 ΟεεΝ.

123 1724 222 1764 Non
263 1723 416 1773 legitur
456 1723 499 1760 in
542 1723 791 1760 carminibus
830 1721 1131 1773 Anacreontis,
1170 1725 1242 1762 sed
1282 1725 1333 1763 ad
1372 1727 1602 1779 fragmenta

121 1780 272 1820 retulit
300 1779 466 1820 doctiss.
487 1776 768 1816 Anacreontis
798 1777 934 1816 editor
971 1780 1007 1816 J.
1033 1780 1075 1818 C.
1096 1781 1145 1818 de
1166 1783 1325 1831 Pauus,
1361 1782 1604 1834 legendum..

124 1850 206 1889 que
235 1836 463 1885 suspicatur
491 1834 821 1888 χρυσοφαέννοις
845 1832 1041 1886 πτέρυξι,
1065 1835 1174 1887 quod
1204 1843 1246 1874 et
1265 1851 1338 1888 ego
1369 1840 1527 1890 malim,
1554 1855 1604 1881 ac

125 1893 378 1943 reciperem,
419 1891 453 1927 si
481 1890 578 1928 libri
605 1890 864 1938 addicerent3
902 1892 969 1928 vel
998 1893 1134 1943 potius
1160 1894 1486 1946 χρυσοφαέννων
1507 1911 1606 1936 cum

129 1949 320 1986 Gesnero.
366 1945 468 1995 Sed,
508 1946 620 1997 quod
648 1946 785 1993 addit,
815 1942 842 1995 ἢ
870 1959 923 1985 ex
949 1948 1128 1986 Ionismo
1158 1950 1261 1987 oriri
1288 1952 1495 2002 potuisse,
1526 1968 1604 2005 pro

126 1998 273 2055 ἆῆριος
302 2015 451 2053 nempe
493 2002 670 2053 aliquem
708 2008 870 2040 notasse
899 2000 1059 2056 η’ἕριος,
1096 2004 1281 2056 adeoque
1310 2021 1386 2058 pro
1413 2006 1444 2059 ἢ
1471 2004 1608 2059 αέτοῒς

129 2073 293 2112 quoque
321 2057 536 2108 legendum
561 2055 728 2110 οἷέριος,
758 2058 941 2097 nondum
965 2059 1098 2098 video.
1156 2061 1419 2102 Florentinae
1448 2080 1608 2117 χρυσο-

129 2113 292 2167 φαέων,
326 2114 448 2152 modo
487 2127 572 2152 vox
611 2115 741 2165 proba
778 2115 853 2162 sit,
892 2115 1026 2167 aptius
1074 2115 1126 2154 ad
1162 2118 1367 2157 senarium
1406 2120 1541 2171 soret,
1570 2124 1608 2164 si

132 2178 292 2209 certum
324 2177 451 2213 esset,
479 2183 645 2208 versum
673 2170 821 2208 referri
843 2171 891 2208 ab
919 2173 1137 2221 chciatzo,
1168 2172 1278 2225 quod
1305 2176 1440 2214 miuus
1469 2179 1612 2218 credi·-

130 2227 238 2275 bile,
269 2227 365 2278 quia
394 2226 519 2263 nimia
546 2226 597 2262 de
620 2239 695 2264 suo
720 2225 986 2267 intermiscet.
1007 2227 1159 2266 Rmrz-
1216 2229 1477 2284 ,Χρυσοφαῆς
1502 2248 1611 2287 pro..

130 2283 298 2321 bissima
327 2295 436 2326 vox,
476 2282 660 2319 occurrit
683 2282 834 2333 Eurip.
867 2282 1029 2323 Hecub.
1064 2297 1101 2326 o.
1122 2285 1217 2325 633.
1245 2293 1286 2324 et
1312 2290 1484 2340 saepius.
1524 2292 1610 2331 Ni..

132 2336 357 2377 hilominus
383 2338 559 2376 abstinui
594 2351 660 2375 me
689 2352 711 2375 a
736 2338 932 2376 mutando
961 2337 1040 2377 hoc
1066 2340 1158 2379 loco
1189 2343 1375 2393 poetico,
1404 2346 1499 2397 quia
1524 2361 1610 2389 non,

130 2394 284 2446 liquet,
315 2400 511 2446 quantum
541 2393 771 2431 servaverit
795 2395 1001 2433 Lucianus
1024 2395 1111 2447 ipsa
1133 2403 1279 2448 poetae
1302 2401 1447 2451 verba,
1478 2417 1611 2456 quan-

132 2456 221 2488 tum
250 2450 484 2488 mutaverit.
534 2450 807 2488 Proverbium
836 2450 887 2488 de
911 2451 1162 2504 Hippoclide
1185 2453 1282 2493 vide
1305 2456 1425 2497 etiam
1454 2458 1500 2498 in
1528 2460 1612 2502 fine

132 2506 307 2559 Apolog.
336 2519 410 2556 pro
438 2519 562 2545 merc.
596 2504 725 2543 Cond.
756 2506 902 2548 IAEnM.
1030 2537 1041 2550 ,

244 2562 352 2599 Ead-
377 2562 403 2599 l.
432 2561 490 2601 15·
529 2557 674 2615 Αὐτῷ)
709 2561 778 2615 Tq'i
806 2559 912 2616 λόγῳ
942 2562 1112 2602 scilicet.
1149 2565 1318 2606 Germ«.

244 2620 358 2669 I’ag.
380 2618 478 2657 306.
506 2617 536 2658 l.
563 2632 600 2669 7.
644 2621 747 2668 Οἱήν
781 2618 847 2669 ἐκ)
884 2621 1050 2657 Homer.
1092 2620 1240 2674 Odyss.
1271 2627 1318 2671 Σ,
1342 2625 1407 2676 75,
1446 2626 1608 2671 SOLAN.

134 2673 272 2713 Aliter
310 2674 378 2712 hic
415 2687 557 2713 versus
593 2675 701 2727 apud
738 2675 871 2726 ipsum
900 2677 1129 2715 Ilomerum
1165 2680 1456 2731 explicandus,
1487 2699 1610 2737 quam

136 2729 205 2769 hic
240 2731 288 2770 fit
319 2744 344 2770 a
384 2736 526 2770 nostro
565 2731 781 2784 scriptore.
816 2730 900 2772 vid.
929 2732 1118 2786 Sclu'zjer.
1162 2734 1216 2775 ad
1254 2737 1306 2777 L.
1324 2738 1409 2776 Bos
1442 2740 1608 2795 Ellipss.
