1819 3198
453 284 1172 322 1NPHILOPSEUDEM.
1435 276 1564 328 -645

72 389 184 430 Hist.
209 387 378 427 Conscr.
402 400 436 426 c.
460 388 529 439 39.
566 381 642 437 τῆν
666 380 871 436 ἀλήθειαν
903 384 999 438 nep?
1024 384 1209 433 πλείονος
1238 384 1459 440 ποιήσεται
1484 392 1561 445 τῆς

72 445 259 500 ἔχθρας·
293 445 485 497 quoniam
511 457 610 482 vere
637 444 680 481 in
707 442 770 479 his
799 442 912 480 adest
940 443 1268 493 comparativus,
1306 449 1377 497 qui
1405 449 1448 486 in
1477 449 1557 489 hoc

72 511 215 541 nostro
239 499 328 538 loco
351 500 626 538 desideratur:
658 504 699 536 et
721 512 839 548 aegre
865 497 1029 550 quidem
1053 497 1322 549 desideratur,
1351 507 1426 541 etsi
1451 505 1555 546 bene

72 559 174 596 scias
203 557 551 608 comparationem
576 568 868 605 nonnunquam
895 556 982 592 sine
1012 558 1290 605 comparativo
1321 572 1554 602 occurrere,

73 614 216 662 Quare
245 619 286 651 et
315 626 387 663 ego
415 611 583 649 hnmani
612 610 765 662 aliquid
795 609 863 647 hic
889 610 970 647 loci
998 610 1193 648 accidisse
1221 613 1451 663 suspicanS,
1481 626 1554 657 aut

69 676 173 722 puto
193 669 266 719 τῆς
295 664 497 717 α’ληθειάς
523 681 546 704 e
570 666 781 717 marginaii
800 672 896 704 nota
913 665 995 703 huc
1018 667 1240 717 devenisse,
1269 676 1339 707 aut
1367 685 1441 722 pro
1464 675 1556 724 περὶ

69 725 224 767 πολλοῦ
262 738 353 762 cum
384 724 604 761 lectissimo
637 722 828 760 Jacob-sio
859 723 1122 760 scribendum
1155 738 1241 762 esse
1278 723 1361 778 πρό
1386 729 1551 780 πολλοῦ,

69 782 122 820 de
151 795 230 833 qua
266 778 483 819 metathesi
520 775 713 817 nonnihil
749 779 910 816 monuit
941 778 1154 829 Selmeshr.
1197 781 1246 818 ad
1284 783 1432 824 Lamb.
1465 788 1551 824 Bos

66 835 234 888 Ellipss.
257 851 299 889 p.
333 838 423 884 174.
463 835 635 873 Interim
666 841 803 872 tamen
830 840 973 872 contra
1002 834 1203 874 librorum
1233 839 1417 878 omnium
1447 855 1551 881 con-

68 907 234 932 sensum
266 891 367 930 nihil
397 892 594 940 volebam,
624 905 715 937 neo,
744 890 882 938 credo,
911 890 1106 928 debebam
1139 899 1306 935 mutare.
1338 895 1484 935 me.

181 950 290 987 Eacl.
310 949 335 986 1.
364 950 426 989 13.
460 943 646 994 Τούτους
666 943 739 988 οὖν
762 944 913 992 ἐθέλω)
948 946 1152 996 leeoplzr.
1171 947 1269 987 Eth.
1294 949 1367 987 Ch.
1391 965 1426 994 c.
1456 954 1553 1007 περὶ

66 1005 321 1057 λογοποιΐας.
355 1003 447 1045 Τῶν
469 1001 671 1046 τοιούτων
696 999 940 1053 ἀνθρώπων
969 998 1241 1054 τεθαύμακα)
1263 1005 1304 1045 τί
1328 1022 1424 1047 ποτε
1444 1009 1551 1060 βού-

64 1065 210 1102 λονται
237 1059 559 1111 λογοποιοῦντες.
591 1056 639 1101 οὐ
666 1055 747 1112 γάρ
771 1057 900 1110 μόνον
926 1054 1182 1110 ψεύδονται,
1212 1056 1316 1102 omo?
1349 1065 1422 1104 καὶ
1446 1062 1549 1108 ‹izv-

68 1116 232 1163 σιτελῶς
260 1114 575 1158 ἀπαλλάττουσι.
607 1117 766 1154 SOLAN.

178 1175 294 1225 Pag.
320 1179 413 1211 240.
434 1173 461 1211 l.
484 1174 523 1213 5.
548 1167 829 1224 “Βαλωκο’τας)
857 1170 950 1208 Hoc
977 1170 1212 1221 exemplum
1242 1174 1352 1215 sens.
1382 1176 1432 1214 ad
1461 1177 1546 1230 Ty-

62 1242 179 1269 rann.
208 1243 243 1269 c.
272 1241 333 1269 12.
364 1229 533 1278 adlegat,
563 1242 642 1280 quo
675 1228 836 1279 probet,
866 1225 945 1263 hoc
975 1227 1165 1277 particip.
1194 1229 1390 1279 activum,
1417 1246 1547 1286 aeque

64 1299 112 1324 ac
147 1282 294 1333 οἶλούς,
331 1286 469 1326 valere
507 1285 680 1335 passive.
731 1284 888 1332 Recte,·
930 1289 972 1321 et
1009 1282 1174 1334 quidem
1205 1293 1406 1336 perpetuo
1436 1291 1546 1340 apud

62 1342 164 1380 alios
197 1343 344 1389 etiam3
376 1338 460 1378 vid.
492 1341 600 1381 Bacl.
632 1339 862 1378 Comment.
887 1339 939 1377 L.
975 1338 1046 1375 Gr.
1078 1344 1120 1375 et
1141 1340 1331 1378 Sclzec'dii
1360 1344 1547 1386 Indicem

61 1398 317 1445 Herodiani‚
341 1399 411 1448 qui
439 1396 548 1433 solus
577 1396 645 1434 vel
675 1394 815 1433 decem
844 1394 1034 1444 exempla
1062 1394 1282 1434 adnotavit.
1324 1398 1392 1436 Sic
1420 1402 1544 1441 etiam

62 1453 171 1504 apud
191 1454 332 1491 LXX.
356 1455 399 1490 in
420 1454 568 1490 serem.
593 1452 641 1500 L,
660 1464 695 1490 2.
719 1458 758 1489 et
779 1451 842 1498 LI,
865 1452 931 1489 31.
967 1449 1106 1497 Quare
1127 1451 1246 1502 plura
1271 1453 1314 1490 in
1333 1468 1391 1502 re,
1421 1470 1543 1507 quam

60 1514 106 1546 et
132 1509 220 1560 ipse
249 1511 416 1546 Jensias
442 1508 597 1546 fatetur
619 1508 879 1554 notissimam,
909 1519 992 1545 non
1012 1506 1168 1555 addam,
1198 1509 1277 1545 nisi
1302 1516 1342 1547 et
1361 1513 1544 1553 activum

59 1561 360 1616 προς-κρούσας,
388 1564 530 1601 itidem
563 1564 722 1614 passive
750 1564 878 1614 accipi
909 1576 972 1614 ap.
998 1563 1147 1612 Aesop.
1173 1563 1269 1601 Fab.
1293 1568 1384 1606 128.
1413 1584 1546 1621 προς..

57 1618 300 1673 κρουσάσης
328 1615 402 1661 οὖν
432 1619 506 1669 τῆς
530 1617 705 1670 κεᾳαλῆς
724 1643 775 1650 —
803 1620 874 1660 καὶ
898 1619 1164 1667 κλασθείσης.
1191 1619 1342 1663 RmTz,

178 1676 286 1714 Eaa'.
309 1676 337 1715 l.
361 1689 400 1730 9.
437 1672 517 1716 Τόν
545 1671 814 1728 Ἵίρόδοτον)
845 1676 1102 1712 Herodotum
1134 1677 1272 1713 verius
1303 1678 1546 1719 mendacio-

60 1746 168 1781 rum,
199 1747 319 1784 quam
349 1731 569 1775 historiae,
603 1740 812 1783 parentem
846 1732 1161 1782 nuncupaveris,
1211 1732 1321 1770 Mira
1351 1736 1461 1773 enim
1491 1738 1543 1775 ab

61 1803 111 1826 eo
141 1790 191 1826 de
211 1788 367 1826 Xerxis
399 1788 663 1838 expeditione
695 1795 735 1825 et
765 1788 940 1825 transitu
964 1785 1183 1824 mendaciis
1216 1801 1379 1840 quoque
1407 1790 1543 1830 admi-

58 1845 133 1883 stis
164 1845 393 1895 praedicata
420 1850 527 1881 sunt.
568 1844 683 1881 Idem
712 1846 890 1882 chciccn.
911 1843 962 1882 L.
985 1855 1022 1880 2.
1043 1842 1134 1880 Ver.
1161 1843 1271 1883 Hist.
1292 1846 1401 1883 inter
1424 1861 1545 1893 men-

59 1901 179 1938 daces
210 1901 385 1938 Ctesiam
425 1899 618 1936 Cnidium
659 1906 700 1936 et
733 1898 995 1937 Herodotum
1034 1899 1166 1949 ponit.
1195 1898 1330 1941 CocN.
1388 1902 1543 1951 Notam

59 1957 243 2008 Cognati
271 1957 326 1993 ita
353 1954 542 2003 exhibeo,
566 1961 614 1992 ut
641 1956 686 1992 in
713 1955 789 1992 Ed.
824 1957 922 1992 Par.
955 1960 997 1991 et
1024 1956 1171 1991 Graev.
1201 1962 1310 2003 erat5
1342 1957 1540 2010 (excepto

57 2013 167 2065 quod
196 2013 470 2058 mendacium,
496 2026 570 2062 pro
601 2011 906 2049 mendaciorum
928 2008 1028 2047 haec
1051 2008 1246 2058 habebat)
1277 2012 1375 2062 quid
1402 2021 1542 2055 autem

57 2069 174 2116 desit,
201 2068 322 2105 facite
352 2073 413 2103 est
443 2068 660 2118 conjicere,
700 2067 936 2105 Herodotus
956 2079 1055 2103 vero
1086 2064 1188 2102 mihi
1214 2080 1298 2104 non
1330 2074 1392 2106 est
1421 2083 1542 2108 men..

57 2123 268 2162 daciorum
290 2129 421 2174 pater,
454 2122 615 2174 quando
647 2129 785 2162 narrat
816 2123 863 2159 ab
895 2122 985 2159 aliis
1015 2126 1202 2171 accepta,
1230 2122 1399 2174 ipseque
1417 2138 1542 2174 prae-

57 2185 210 2227 monet,
236 2193 278 2216 se
308 2192 390 2216 non
422 2179 614 2216 omnibus
639 2178 762 2217 fidem
790 2177 1000 2218 adhibere.
1023 2176 1182 2215 Rm'rz.
1233 2177 1350 2225 Quae
1373 2179 1541 2221 deerant

56 2235 100 2273 in
115 2234 338 2276 RettzAEd.
360 2235 485 2272 verba
508 2234 710 2284 Cognati:
742 2232 997 2278 „mendaciis
1022 2245 1187 2284 quoque
1208 2232 1393 2273 admistis
1414 2249 1542 2288 prae-⁶

55 2291 190 2330 dicata
218 2295 370 2335 sunt‚“
399 2290 588 2341 supplevi
618 2303 671 2327 ex
699 2290 776 2326 Ed.
799 2291 845 2329 B.
865 2291 904 2332 3.
935 2290 1086 2327 LEnM.

168 2346 276 2386 [bid.
298 2341 531 2397 ‘Ilpo'dozov
561 2345 632 2385 καὶ
654 2342 746 2398 Κτ.)
776 2346 922 2396 Ingens
949 2346 1060 2383 inter
1088 2343 1181 2390 hos,
1205 2359 1448 2399 quamquam
1470 2347 1540 2388 hic

56 2403 266 2455 conjuncti
296 2402 507 2453 legantur,
536 2401 755 2439 discrimen
786 2409 859 2440 est.
909 2402 1147 2439 Herodotus
1176 2404 1312 2450 enim,
1356 2405 1488 2442 sicubi
1514 2415 1539 2443 a

53 2472 155 2498 vero
183 2459 368 2506 aberrat,
408 2472 489 2496 non
526 2458 567 2495 id
595 2459 697 2509 agit,
740 2467 787 2497 ut
818 2458 1063 2495 mentiatur:
1110 2458 1270 2495 Ctesias
1300 2473 1424 2505 vero,
1468 2462 1539 2512 qui

53 2515 206 2554 multos
235 2515 276 2552 in
306 2513 444 2552 Persia
470 2516 632 2552 vixerat
663 2527 815 2560 annos,
853 2527 899 2551 ea
925 2514 1114 2564 scripsit,
1156 2527 1258 2564 quae
1287 2515 1396 2565 ipse,
1438 2517 1539 2567 quin

52 2571 155 2610 salsa
184 2577 226 2608 et
255 2584 356 2608 vana
385 2571 535 2618 forent,
565 2570 752 2620 ignorare
782 2583 865 2607 non
896 2577 1083 2621 poterat,
1119 2574 1232 2607 certe
1261 2584 1344 2608 non
1377 2571 1537 2609 debue-

52 2633 131 2667 rat.
161 2627 319 2668 SoLAN.

168 2684 277 2734 Pagr.
302 2683 398 2720 241.
418 2681 444 2718 l.
469 2683 508 2722 4.
544 2677 628 2730 Τήν
646 2680 814 2732 filomio)
839 2679 910 2722 καῖ
930 2675 1007 2730 τῆν
1028 2677 1220 2733 Λάμιαν)
1245 2677 1428 2735 Μορμαῗ,
1452 2680 1538 2728 οὖς,

55 2751 87 2776 s.
119 2734 302 2790 μορμών,
332 2733 439 2785 όνος,
470 2738 622 2775 larvam
652 2752 752 2782 esse,
784 2738 922 2789 pueris
953 2740 1156 2777 terrendis
1184 2738 1398 2775 confictam
1418 2751 1540 2775 anu-

54 2795 250 2843 tricibus,
277 2794 386 2832 unde
414 2789 709 2847 μορμολύττειν
740 2799 814 2843 est,
844 2800 884 2832 et
910 2790 1219 2847 μορμολύκειον,
1250 2794 1538 2845 pervulgatum

109 2863 291 2901 Lucina.
325 2862 419 2899 Vol.
448 2862 543 2900 Vll.
1132 2846 1186 2893 M
1212 2867 1260 2894 m
