1819 3198
564 210 631 240 IN
693 206 1110 240 HERCULEM.
1477 198 1577 244 585

451 326 561 377 ΙΝ
628 325 1220 376 HERCULEM.

209 422 322 472 Pag.
354 418 448 459 300.
480 417 508 457 l.
529 418 566 456 6.
597 415 798 471 Ὄγμιον)
834 418 948 457 Haec
984 431 1071 457 vox
1110 417 1269 457 Graeca
1307 423 1390 465 est,
1432 425 1579 460 contra

99 490 220 531 quam
250 476 370 514 multi
399 481 591 519 censent,
621 475 670 512 ab
693 472 805 528 ὅγμῳ
835 475 961 517 sulco,
1003 475 1071 512 Sic
1094 475 1259 513 Aelian.
1287 476 1343 516 V.
1366 476 1419 513 H.
1441 477 1515 524 IV,
1536 479 1575 516 8.

98 549 140 586 p.
158 536 253 573 320.
283 527 331 573 τό
352 527 487 584 Ὦχον
513 533 551 571 οἱ
581 526 805 582 Αἰγύπτιοι
823 528 877 584 τῇ
898 531 1108 584 ἐπιχωρίῳ
1129 529 1247 585 φωνῇ
1274 527 1368 572 ὄνον
1388 527 1579 574 ἐκάλουν.

98 604 155 628 LA
185 589 346 629 Cnoze.
378 588 481 626 Coel.
502 587 684 639 Rhodig.
714 588 763 626 L.
783 587 856 624 VI.
879 601 967 639 pag.
994 588 1088 635 278.
1109 586 1210 625 haec
1240 590 1377 626 omnia
1403 588 1452 626 ad
1481 603 1583 628 ver-

100 647 200 685 bum
230 644 468 694 descripsit,
506 643 643 681 addita
680 643 746 681 hic
776 641 862 681 11110
890 644 942 680 de
971 657 1045 682 suo
1078 641 1236 684 vocula.
1292 645 1498 697 Pluraque
1529 645 1582 684 de

99 702 224 740 variis
261 700 456 738 Herculis
495 701 730 738 nominibus
767 700 990 752 praemisit.
1033 699 1185 738 Rm'rz.
1239 702 1427 752 Toupc'us
1468 702 1580 752 Opp.

102 757 224 796 Critt.
258 757 379 797 Tom.
408 756 463 794 ΙΙ.
499 769 541 807 p.
564 756 656 796 263.
691 757 808 809 Lips.
838 756 982 795 maluit
1007 751 1228 809 ὁμόγνιον,
1261 757 1384 795 deum
1415 758 1585 808 gentili-

100 815 205 852 tium
235 819 358 864 atque
387 811 489 850 adeo
525 819 766 863 cognatum,
810 813 915 852 bene
939 813 1144 852 refutatus
1168 827 1192 852 a
1220 815 1370 853 Belino
1401 813 1448 852 in
1475 827 1584 854 vers·

101 869 224 909 Tom.
252 869 325 908 lV.
347 882 387 920 p.
407 866 501 907 241.
533 868 677 907 LEnM.

215 926 326 966 Ead.
350 925 377 962 l.
397 936 434 962 2.
461 922 896 979 Eidoc--ypohpovw
919 926 1038 964 Hanc
1068 925 1287 976 imaginem
1317 939 1402 965 non
1437 925 1487 965 ad
1512 935 1597 966 so-‘

102 978 183 1020 lius
211 982 296 1019 vim
336 981 615 1032 eloquentiae,
655 983 726 1020 sed
757 983 807 1021 ad
836 982 968 1029 hanc,
1006 988 1046 1020 et
1076 982 1125 1019 ad
1155 996 1245 1020 rem
1276 983 1497 1021 militarem
1526 986 1587 1022 si·-

102 1038 192 1076 :mul
220 1037 602 1089 repraesentandam
622 1039 810 1077 referunt
827 1046 1014 1077 auctores
1034 1036 1230 1075 historiae
1255 1038 1462 1077 linei-ariae
1483 1040 1589 1078 Gal-

100 1094 181 1132 liae
209 1094 480 1131 Benedictini
507 1093 541 1142 J,
570 1108 607 1133 1.
631 1108 720 1145 pag,
745 1108 780 1142 7.
812 1102 853 1133 et
881 1093 1095 1132 commode
1125 1092 1206 1132 huc
1232 1094 1424 1134 referunt
1450 1092 1589 1135 locum

104 1164 160 1189 ex
191 1151 362 1188 Catonis
389 1149 595 1199 originum
623 1150 827 1198 secundo,
853 1150 1062 1188 laudatum
1087 1149 1279 1187 Charisia
1301 1150 1326 1188 l.
1349 1150 1406 1192 11,
1428 1165 1469 1202 p.
1495 1154 1587 1191 18¹.

104 1213 212 1248 extr.
242 1203 407 1243 Putsch.
459 1207 669 1258 Pleraque
702 1207 848 1244 Gallia
873 1207 980 1243 duas
1008 1220 1073 1244 res
1101 1206 1471 1245 industriosis-sime
1486 1223 1589 1261 per-

103 1264 313 1315 sequitur,
334 1275 418 1299 rem
438 1262 684 1311 militarem,
716 1270 755 1299 et
774 1271 921 1314 argute
945 1262 1072 1314 loqui.
1105 1261 1242 1303 GEsN.

218 1318 325 1358 Ead.
347 1317 374 1357 1.
400 1328 436 1364 7.
478 1313 629 1358 Πάντα
659 1316 814 1371 μᾶλλον
841 1315 872 1368 ἢ
904 1313 1029 1370 Ἤρ.)
1058 1318 1127 1355 Sic
1157 1331 1281 1369 supra
1310 1318 1445 1361 Deor.
1473 1319 1585 1359 Dial.

105 1373 270 1420 XVIII,
294 1387 329 1413 1.
359 1371 427 1413 καὶ
456 1368 559 1420 ὅλως
586 1373 711 1415 παντὶ
736 1373 891 1426 μᾶλλον
915 1370 1064 1421 ἐοικώς
1088 1370 1115 1422 ἢ
1141 1374 1221 1416 σοι’.
1253 1373 1403 1415 ΒΕΙΤΖ.

215 1429 325 1469 Εαιί.
344 1428 372 1467 l·
395 1441 434 1480 9.
460 1431 544 1470 Καὶ
570 1426 651 1483 γάρ
673 1427 748 1481 τήν
773 1430 980 1482 διφθέραν
996 1429 1175 1480 ἐνῆπται
1194 1425 1272 1480 τήν
1294 1430 1373 1472 τοῦ
1398 1431 1588 1483 λέοντος)

111 1486 166 1524 Ut
191 1488 265 1538 qui
297 1487 428 1523 leonis
458 1486 622 1526 exuviis
646 1490 703 1524 stt
724 1488 921 1536 inclutus,
951 1487 1055 1525 bene
1084 1487 1300 1538 interpres.
1358 1488 1450 1526 Nec
1479 1491 1588 1539 reji-

105 1542 171 1579 010
207 1541 312 1579 hanc
354 1539 617 1593 scripturam.
680 1542 788 1581 Nam
831 1549 874 1581 et
912 1544 971 1581 sic
1013 1542 1109 1580 alibi
1140 1542 1324 1595 loquitur
1349 1546 1587 1588 Luc-lanus.

102 1597 201 1637 Non
243 1597 402 1636 frustra
440 1604 577 1636 tamen
622 1598 667 1637 in
706 1599 874 1651 antiquo
917 1598 1071 1636 Codice
1109 1598 1195 1638 Ms.
1239 1600 1393 1651 legitur
1425 1601 1590 1648 ἐνεῖται.

105 1653 213 1692 Nam
242 1654 349 1691 sicut
370 1653 478 1705 apud
498 1656 726 1693 Homerum
755 1662 818 1693 est
842 1656 952 1696 εἷται
981 1655 1156 1693 indutus
1176 1664 1263 1707 est,
1292 1657 1352 1695 sic
1375 1663 1418 1695 et
1436 1659 1590 1701 ἐνεῖται,

105 1708 175 1748 1110
206 1711 387 1761 accepit,
417 1710 450 1747 si
482 1709 582 1748 haec
613 1713 701 1760 ejus
730 1724 875 1750 manus
907 1717 986 1758 est,
1015 1713 1246 1749 Lucianus.
1287 1713 1394 1752 Nam
1412 1716 1589 1766 poeticis

104 1767 243 1804 verbis
273 1780 415 1817 saepe,
455 1767 526 1804 sed
555 1781 629 1805 suo
658 1768 774 1817 loco,
808 1768 869 1807 uti
897 1766 1009 1806 hunc
1032 1767 1298 1820 scriptorem,
1338 1772 1496 1810 nemini
1522 1772 1591 1812 la-

102 1828 179 1863 tet.
210 1823 381 1862 6101ον.
598 1840 601 1844 ·

97 1928 100 1930 q
217 1881 331 1930 Pag.
365 1879 463 1918 301.
494 1879 520 1916 1.
545 1879 585 1919 5.
615 1874 756 1928 ’Ὁλως
782 1876 1020 1933 Ἠρακλῆς)
1042 1880 1159 1922 Junt.
1188 1880 1261 1922 καῖ
1291 1877 1422 1930 ὅλως,
1448 1879 1592 1936 Ἠρα-

106 1932 205 1985 κλῆς
240 1935 337 1976 ἐστι.
386 1934 444 1972 At
480 1947 603 1986 supra
625 1936 738 1976 Dial.
771 1937 902 1976 Mort.
933 1934 1050 1975 XVI.
1089 1934 1130 1989 §
1169 1949 1203 1979 1.
1241 1934 1336 1987 ὅλος
1375 1935 1591 1992 Ἠρακλῆς

108 1991 246 2035 ἐστιν,
291 1998 330 2028 et
356 1990 558 2041 Necyom.
590 2006 623 2031 1.
652 1992 900 2039 Μενίππους
929 1989 1062 2040 ὅλους.
1114 1992 1313 2045 Adeoque
1345 2001 1388 2033 et
1415 1996 1483 2035 1110
1512 2011 1590 2035 su·-

109 2048 258 2098 spicari
287 2047 433 2084 liceret
461 2042 556 2094 ὅλος
582 2048 860 2088 scribendum.
919 2048 1000 2087 Sed
1031 2048 1133 2086 adeo
1160 2049 1400 2089 indifferens
1428 2060 1513 2098 est,
1543 2060 1587 2093 et

109 2111 330 2154 utrumque
369 2115 537 2147 sanum,
575 2110 642 2152 ut,
683 2104 876 2155 quidnam
916 2105 1259 2157 praeferendum,
1295 2120 1380 2145 non
1420 2109 1590 2160 liqueat,

110 2160 266 2200 lean.
295 2159 425 2210 Epist.
454 2160 542 2197 113.
565 2174 626 2212 pr.
645 2162 781 2213 χαίρει
804 2156 882 2212 γάρ
911 2158 1032 2209 οὗτος
1051 2159 1328 2215 καλούμενος,
1367 2178 1443 2215 pro
1467 2163 1590 2215 οὕτω,

113 2215 224 2267 quod
253 2229 337 2252 non
363 2228 534 2266 prorsus
565 2218 771 2254 immerito
802 2218 859 2254 ibi
889 2218 1006 2255 malit
1037 2218 1174 2269 bVoyL
1233 2216 1317 2259 Sed
1344 2227 1488 2260 notum
1514 2230 1589 2272 est,

112 2270 236 2309 modo
265 2271 497 2322 adjectivi3‚
530 2272 651 2310 modo
683 2273 886 2311 adverbiis
915 2274 978 2311 uti
1009 2273 1191 2311 Graecos
1230 2289 1358 2327 aeque
1391 2291 1437 2315 ac
1465 2279 1591 2318 Lati-

113 2341 213 2373 nos,
246 2328 288 2365 in
320 2326 553 2378 hujusmodi
583 2329 730 2369 locutt.
782 2330 849 2367 Sic
878 2330 986 2368 infra
1016 2329 1122 2369 Adv.
1147 2329 1306 2368 Indoct.
1328 2347 1413 2386 cap.
1439 2348 1478 2387 9.
1500 2333 1592 2383 ὅλος

113 2379 491 2436 περιλαμπόμενος,
522 2385 593 2422 ubi
628 2386 780 2424 multae
805 2385 910 2424 Edd.
942 2382 1062 2432 ὅλως.
1108 2386 1228 2424 Adde
1256 2401 1378 2441 supra
1402 2392 1590 2444 Philops.

112 2454 198 2490 cap.
221 2441 259 2481 6.
299 2440 368 2476 ubi
398 2439 717 2494 πεφυλαγμένως
741 2456 814 2494 pro
844 2440 1176 2495 πεφυλαγμένος,
1222 2446 1256 2485 si
1286 2447 1414 2498 proba
1441 2447 1591 2498 lectio;

112 2510 191 2547 qua
217 2495 431 2534 occasione
468 2504 601 2535 tamen
630 2499 747 2548 plura
777 2499 976 2536 dedimus.
1035 2499 1115 2537 Sed
1144 2501 1281 2551 potius
1309 2502 1376 2540 adi
1395 2504 1590 2545 Hermot.

114 2550 153 2605 §.
179 2564 216 2592 2.
247 2553 318 2590 ubi
346 2553 537 2592 similiter
558 2555 600 2591 in
628 2549 720 2602 ὅλος
739 2561 780 2593 et
806 2551 912 2603 ὅλως
938 2555 1140 2605 variatur,
1171 2564 1214 2596 et
1241 2564 1463 2612 utrumque
1485 2574 1588 2612 pro-

113 2611 212 2648 bum
242 2622 327 2647 esse
355 2609 519 2647 Jensius·
550 2610 686 2649 docet.
718 2611 871 2652 Rnirz.

227 2665 335 2702 End·
356 2664 384 2706 l.
406 2664 443 2706 4.
469 2664 709 2716 Ἑλληνίων)
739 2669 899 2716 Miror,
926 2668 1079 2706 nullam
1119 2668 1195 2707 Ed.
1221 2669 1374 2708 habere
1399 2669 1591 2723 Ἕλληνι-

119 2719 233 2771 univ,
262 2735 348 2761 non
377 2720 487 2774 quod
515 2725 573 2762 sic
599 2723 746 2774 velim,
783 2723 857 2763 sed
888 2727 982 2777 quia
1011 2724 1143 2765 facilis
1173 2732 1235 2765 est
1255 2727 1475 2772 aberratio.
1530 2729 1590 2768 At
