1819 3198
223 238 324 284 446
620 246 1260 282 .A1)N‹)TAT10NE.S

225 362 384 398 semus,
413 348 448 389 si
476 346 666 400 adjectiv.
693 346 746 386 ad
774 358 948 399 sequens
967 343 1083 398 οἶμος
1106 349 1318 396 aptemus:
1345 357 1438 384 nam
1467 346 1565 399 quid
1590 361 1695 412 opus

227 407 339 448 aliud
373 409 469 445 viae
501 404 745 443 vocabulum
774 402 970 453 intelligi,
1010 402 1083 440 nbi
1110 400 1220 440 aliud
1251 404 1364 438 viam
1393 402 1539 441 itidem
1565 405 1697 455 signi-

226 464 354 503 ficans
380 465 459 514 jam
493 458 694 498 additur?
744 459 787 496 Si
825 458 1056 496 differentia
1091 458 1201 495 inter
1240 452 1334 504 ὁδός
1367 464 1409 495 et
1437 456 1551 510 οἶμος
1588 467 1696 499 esset

225 525 364 564 tanta,
402 524 448 556 ut
484 518 599 568 prius
639 516 803 553 itineris
834 517 1042 564 spatium,
1080 514 1254 552 alterum
1284 515 1574 564 dffcaltatem
1601 520 1695 563 ejus

226 582 386 614 tantum
414 572 637 620 indicaret,
666 570 735 609 vel
764 569 1101 620 elegantissimam
1130 581 1394 620 agnoscerem
1418 568 1486 607 hic
1516 571 1693 622 ellipsin.

223 627 344 673 Aut&
370 643 470 669 vero
497 633 611 666 recte
647 625 698 664 ad
725 631 853 665 totum
889 626 1098 676 negotium
1126 626 1326 692 pertinet.
1367 639 1460 663 nam
1489 626 1524 664 si
1555 627 1697 669 πολλοῖ

191 716 196 721 ,
223 687 354 738 legas,
390 685 474 723 scil.
501 682 675 736 καρποὶ,
717 682 825 720 belle
856 656 1020 733 quidoem
1050 676 1199 727 αὐτους
1225 680 1368 721 eodem
1398 681 1550 720 referri
1575 681 1694 722 vide-

223 750 314 791 tur;
345 740 414 780 sed
446 739 525 777 hoc
549 740 683 790 ipsum
707 737 861 776 fefellit
880 738 1056 782 scribas,
1087 738 1157 789 qui
1179 737 1322 778 πῶλοι
1350 751 1442 776 cum
1470 738 1692 789 dedissent,

222 799 347 837 etiam
380 790 538 842 αὐτους
574 794 775 844 refingere
812 793 1003 831 debuere.
1060 790 1117 831 At
1154 792 1257 830 salsa
1300 799 1388 831 tum
1427 794 1568 857 prodit
1595 808 1692 833 sen-

221 854 360 893 tentia
390 853 544 891 errrz.
601 850 714 900 Quid
742 849 777 887 si
803 844 934 898 πολλῆ
960 848 1145 888 resertnr
1171 848 1221 886 ad
1249 848 1419 901 τέχνην,
1449 857 1489 887 et
1514 845 1618 891 αυτὸ
1639 851 1691 890 ad

219 915 351 948 totam
379 907 547 972 phrasin
574 902 670 954 τούς
691 901 880 959 καρπούς
906 900 1273 969 οἷπολοιμβανουσι;
1302 905 1437 944 GesN.
1477 905 1543 944 Ad
1569 907 1692 961 τέχνη

218 966 373 1005 referri
402 958 530 1012 nolin
557 963 645 1001 vel
643 969 868 1015 propterea
896 962 1062 1013 nequit,
1103 961 1212 1014 quod
1242 960 1292 998 de
1319 961 1475 999 ambus
1501 962 1690 1013 pluribus

217 1022 377 1073 agitur,
404 1033 487 1058 non
517 1017 569 1056 de
595 1031 689 1059 una.
745 1018 913 1056 Mireris
937 1019 1132 1062 omnino,
1161 1023 1375 1067 tantopere
1394 1030 1417 1054 a
1440 1030 1540 1055 vero
1561 1018 1689 1058 aber...

216 1090 312 1117 rare
342 1076 522 1139 potuisse
549 1074 662 1112 viros
697 1072 808 1111 haud
835 1087 933 1111 sane
965 1073 1278 1124 stupidissimos.
1319 1068 1462 1122 Πολλή
1486 1073 1586 1111 dicit
1614 1088 1690 1130 pa..

217 1135 388 1181 rasitus,
417 1131 464 1173 de
496 1127 592 1177 ὁδός
617 1130 818 1180 cogitanS,
845 1128 917 1166 sed
943 1129 1132 1167 meminit
1158 1130 1296 1167 statim
1321 1141 1463 1167 versus
1491 1125 1690 1169 Hesiodei

216 1189 338 1240 longe
366 1186 645 1234 celeberrimi,
681 1191 722 1223 et
749 1183 927 1236 applicat
950 1199 1042 1223 eum
1078 1185 1215 1236 paullo
1241 1185 1435 1233 liberius,
1465 1185 1536 1223 sed
1572 1191 1686 1228 tanto

217 1258 311 1283 cum
341 1257 444 1283 voce
471 1237 598 1291 πολλη
631 1241 1031 1289 convenientiorem,
1073 1254 1200 1292 quum
1239 1238 1353 1303 οἶμος
1382 1241 1430 1278 ad
1461 1241 1685 1292 analogiam

213 1301 328 1340 vocis
357 1295 452 1347 ὁδὸς
487 1299 611 1336 etiam
637 1297 838 1335 feminino
866 1309 1016 1347 genere
1045 1296 1198 1334 dictum
1229 1297 1291 1335 sit
1327 1296 1394 1337 Cf,
1424 1298 1574 1348 Earip.
1578 1271 1685 1335 t'Al--

214 1363 310 1395 cest.
344 1370 384 1397 v.
407 1354 505 1395 845.
533 1354 682 1392 Herm.
712 1348 848 1417 ὀρθήν
875 1350 975 1405 παρ’
1011 1350 1145 1404 οἶμον.
1189 1347 1303 1393 Αὖτό
1338 1358 1474 1390 autem
1503 1353 1686 1405 intellige

213 1411 264 1454 τό
296 1407 474 1465 ὕστερον
501 1408 638 1450 τοῦτο.
699 1405 865 1457 Αὐτας,
903 1407 1013 1460 quod
1049 1409 1130 1446 duo
1167 1407 1297 1447 Codd.
1337 1409 1553 1458 praebent,
1599 1423 1683 1448 non

212 1468 403 1520 equidem
432 1464 698 1519 praetulerim
725 1478 819 1503 cum
842 1465 1002 1502 Βείίηο.
1058 1464 1244 1502 Maxime
1271 1466 1329 1501 sie
1359 1464 1561 1502 claudicet
1586 1478 1686 1502 sen-

211 1524 354 1562 tentia
414 1523 611 1561 Ceterum
650 1526 692 1558 et
727 1520 824 1558 alibi
870 1525 1032 1568 noster,
1078 1525 1119 1557 et
1157 1519 1270 1557 varia
1308 1519 1472 1571 quidem
1508 1522 1683 1569 ratione,

208 1578 319 1619 hunc
346 1579 530 1617 Hesiodi
569 1577 706 1616 locum
743 1576 788 1614 in
828 1589 949 1615 usum
981 1589 1100 1614 suum
1142 1577 1375 1623 convertit,
1407 1581 1454 1614 ut
1488 1576 1680 1617 Hermot.

208 1649 244 1674 c
269 1648 307 1676 2.
335 1635 538 1687 Necyom.
563 1646 602 1675 c.
624 1634 663 1674 4.
689 1632 836 1674 LEHM,

322 1691 481 1732 Ecum.
508 1703 571 1740 17.
599 1682 748 1736 Εὐθυς
776 1683 976 1729 ἀπολαύει
1002 1702 1080 1738 της
1116 1684 1258 1741 τέχνης
1287 1687 1332 1728 ἐν
1360 1682 1475 1741 αὐτῷ’
1502 1703 1546 1728 το
1577 1703 1685 1739 μαν-

204 1742 381 1792 &avam
408 1747 476 1785 Sic
506 1749 782 1807 corruperunt
797 1744 1058 1808 posteriores
1087 1757 1230 1782 sanum
1261 1750 1302 1781 et
1329 1745 1462 1782 sincer
1468 1757 1531 1782 um
1557 1745 1678 1795 prio-

204 1816 300 1868 ruaem
327 1802 592 1850 Editionum,
627 1802 671 1842 ἐν
692 1796 814 1866 αὐτῷ
848 1798 915 1866 τῷ
935 1796 1180 1851 μανθάνειν.
1237 1799 1381 1838 Paullo
1407 1806 1501 1851 post
1528 1800 1680 1838 iterum

204 1857 268 1912 τῷ
297 1857 560 1909 degeneravit
585 1857 628 1894 in
655 1872 700 1897 το
730 1853 840 1908 (οἶμα
865 1871 913 1896 το
939 1853 1198 1908 ἄρξασθαι),
1225 1859 1272 1893 ut
1292 1857 1375 1907 jam
1395 1855 1501 1894 vidit
1523 1862 1566 1894 et
1583 1867 1682 1894 mod

202 1915 298 1954 nuit
323 1916 536 1953 Graevius.
566 1912 687 1952 JssNs.

314 1972 543 2022 Pag'112.
559 1967 589 2010 l.
618 1980 651 2006 1.
693 1965 765 2021 Τῷ
789 1966 941 2021 μανθ)
973 1967 1109 2006 ItaB.
1137 1979 1176 2006 2.
1203 1973 1243 2006 et
1264 1967 1367 2005 Par.
1395 1965 1600 2019 Reliquae
1619 1981 1678 2037 το,

198 2038 338 2079 prave
369 2027 526 2064 SOLAN.

312 2082 421 2120 lbid
457 2076 531 2122 'Eu
554 2096 613 2134 τῳ
643 2077 751 2121 τέλει
778 2079 909 2131 ἐστὶν)
946 2079 1095 2131 Obsop.
1134 2078 1390 2128 reddiderat,
1426 2079 1678 2130 quantocius

202 2139 250 2176 in
279 2146 454 2190 quaestu
480 2145 555 2178 est.
593 2121 737 2175 Haud
764 2136 822 2175 ita
855 2136 959 2174 male
980 2135 1032 2174 ad
1053 2149 1241 2174 sensum:
1266 2135 1376 2193 ludit
1400 2135 1509 2172 enim
1530 2134 1574 2172 in
1594 2134 1676 2172 du-

200 2193 301 2246 plici
327 2206 449 2231 sensu
476 2192 620 2232 vocab
646 2192 767 2239 τέλος
795 2193 952 2232 me

313 2249 421 2289 Ead.
441 2248 471 2288 l.
490 2247 532 2289 4.
549 2245 673 2300 ”Apta
699 2245 747 2290 ‘co‘
776 2246 1010 2299 ἅοξασθαι)
1036 2247 1134 2286 Sine
1159 2245 1284 2286 dubio
1309 2259 1470 2311 quoque
1488 2245 1675 2283 scriben-
1718 2276 1719 2279 ,

202 2303 324 2354 dum,
365 2300 389 2345 ὁ
414 2304 457 2345 δὲ
473 2302 718 2373 παράσιτος
752 2300 885 2351 εὐθύς
917 2301 999 2358 ἔχει
1034 2320 1112 2353 την
1149 2298 1310 2356 τροφήν
1346 2299 1432 2354 α’μα
1459 2300 1516 2355 τῷ
1543 2300 1672 2355 αόξα-

201 2364 309 2402 σθαι
336 2358 410 2410 τῆς·
436 2375 587 2425 τεχνης.
644 2366 704 2398 At
731 2363 952 2411 parasitus
980 2361 1108 2397 simul
1137 2370 1261 2411 atque
1291 2369 1420 2397 artem
1450 2371 1564 2395 orsus
1595 2366 1669 2404 est

199 2418 356 2454 vietum
384 2417 520 2455 habet.
562 2412 681 2467 ”Αμα
711 2432 768 2468 τῳ
806 2413 1024 2481 ἄρξασθαι,
1051 2421 1112 2452 est
1140 2432 1216 2456 συν
1243 2412 1304 2467 τῷ
1331 2412 1575 2468 αρξασθαι,
1601 2414 1668 2452 vel

201 2468 275 2513 σῦν
300 2469 354 2525 τῇ
379 2467 503 2526 ἀρχῇ.
531 2471 638 2509 Edd
669 2472 774 2509 male
798 2468 884 2521 ἅμα
911 2487 959 2512 το
991 2468 1221 2523 ἄρξασθαι
1251 2455 1418 2513 (inm-v.

310 2529 464 2566 Ead.1.
493 2540 553 2566 11
581 2530 705 2567 Μίαν
733 2525 775 2567 δὲ
804 2525 833 2575 ἢ
859 2522 929 2568 δύο
953 2526 1086 2579 μόνας·
1092 2530 1103 2572 )
1130 2528 1256 2565 Disce
1277 2525 1399 2573 hinc,
1428 2530 1579 2577 quanto
1600 2536 1667 2561 sa-

198 2583 377 2635 pientius
408 2596 430 2621 a
458 2581 622 2622 judaeis
653 2589 695 2620 et
725 2581 990 2630 Christianis,
1030 2596 1103 2620 seu
1129 2584 1263 2634 potius
1292 2596 1315 2620 a
1340 2581 1431 2619 Deo
1459 2582 1570 2630 ipsc,
1599 2578 1663 2617 se-

197 2640 284 2678 riae
313 2644 449 2677 sancte
473 2644 514 2676 et
537 2644 646 2675 caste
667 2637 861 2676 colendae
880 2638 1147 2690 imper.entu1
1189 2639 1285 2676 Duo
1315 2643 1450 2674 autem
1469 2636 1530 2673 illi
1554 2635 1663 2687 apud

199 2694 378 2733 Graecos
408 2695 493 2732 dies
520 2694 637 2741 sesti,
675 2693 833 2744 primus
863 2701 978 2733 erant
1005 2700 1048 2734 et
1074 2695 1293 2747 septimus,
1334 2692 1385 2731 de
1414 2704 1495 2743 quo
1521 2698 1662 2743 poste-

195 2750 308 2790 riore
336 2751 433 2790 alibi
461 2763 552 2790 nos.
582 2750 738 2788 SOLAN.
