1819 3198
264 233 364 277 572
686 245 1287 277 AD‘NO‘rA‘ronEs

262 344 365 383 Crit.
387 357 462 396 pro
488 343 785 395 συνισταμένου
809 344 952 394 reponi
973 345 1143 396 jubebat
1167 340 1478 396 συνιστάμενον.
1504 346 1595 386 ΒΗ».
1632 348 1739 388 Mihi

261 414 363 438 vero
391 413 508 438 secus
538 400 714 440 videtur.
764 400 888 438 Facio
918 402 1084 438 omnino
1116 415 1208 439 cum
1241 403 1440 451 Ges-uero,
1483 409 1524 439 et
1555 403 1664 442 hunc
1693 406 1737 444 in

260 456 429 495 modum
458 456 643 508 explico:
673 457 852 507 Hippiae
880 470 1051 508 aequum
1081 463 1142 495 est
1162 459 1411 495 mentionem
1444 458 1626 506 injicere,
1654 462 1738 500 viri

263 519 310 550 ut
350 512 520 550 scientia
558 514 792 564 conspicui,
831 513 889 550 ita
919 514 1110 563 operibus
1139 515 1236 551 artis
1272 515 1628 565 praestantissimi,
1665 518 1737 567 qui

258 581 463 620 nunquam
494 568 597 606 desit
623 571 721 606 artis
749 582 845 606 suae
871 569 1129 620 professioni.
1157 570 1242 607 Jam
1275 583 1377 621 quae
1395 577 1634 621 sequuntur,
1654 585 1738 610 non

260 631 357 662 sunt
386 624 591 675 superflua
619 631 688 662 aut
714 625 876 674 spuria,
908 631 954 662 ut
979 626 1132 675 Guyeto
1162 626 1310 665 visum.
1347 626 1522 663 Faciunt
1551 628 1658 664 enim
1686 628 1738 665 ad

258 681 475 730 imaginem
505 679 670 717 artificis
691 681 992 732 perficiendam,
1023 694 1262 733 quamquam
1287 682 1421 732 paullo
1448 682 1604 720 laxiore
1625 696 1739 721 nexu

257 737 480 788 proposita.
512 736 614 773 Vult
636 737 744 774 enim
775 743 928 784 auctor,
961 737 1154 787 Hippiam
1177 751 1258 774 non
1284 738 1541 788 acquiescere
1570 739 1611 775 in
1633 739 1737 776 alio-

258 805 351 831 rum
382 792 567 842 vestigiis
598 792 847 842 premendis,
876 805 951 830 nec
981 793 1219 831 satisfacere
1236 794 1313 830 sibi
1338 794 1565 831 imitantem
1587 795 1733 842 aliena,

258 848 331 885 sed
362 847 466 885 datis
505 848 647 885 alienis
689 854 880 900 tanquam
911 848 1178 887 fundamento
1209 855 1495 899 superstruere
1525 863 1594 888 sua
1625 850 1730 887 dili-

257 909 403 955 genter
431 904 500 941 vel
528 904 769 953 excogitata,
799 904 863 942 vel
894 904 1130 955 composita.
1181 905 1300 942 Hanc
1327 905 1608 945 affirmativam
1633 920 1734 944 sen-

258 961 432 997 tentiam
460 960 660 1011 exprimit
689 973 766 1010 per
797 961 1084 1010 proverbium,
1122 961 1231 1012 quod
1269 961 1373 999 bene
1401 960 1511 1000 vidit
1540 962 1732 1011 Gayelas‚

257 1021 302 1053 et
334 1016 514 1053 Solanus
541 1029 703 1067 quoque
733 1016 874 1054 videre
902 1017 1122 1067 potuisset,
1158 1017 1191 1054 si
1223 1017 1450 1054 accuratius
1482 1030 1620 1055 vocem
1646 1032 1735 1068 φα-

258 1071 327 1111 σὶν
361 1073 623 1122 respexisset.
687 1069 758 1112 Sic
794 1078 928 1110 autem
963 1078 1078 1110 sonat
1116 1071 1193 1110 hoc
1231 1073 1516 1124 proverbium:
1556 1072 1624 1112 ἐπὶ
1661 1072 1735 1122 ιῆς

255 1127 453 1176 δοθείσης
482 1124 648 1175 εὐθείας
678 1123 725 1167 τό
752 1128 948 1181 τρίγωνον
976 1128 1244 1175 συνίσταται,
1275 1125 1320 1165 im
1341 1129 1443 1166 data
1473 1130 1585 1166 linea
1619 1137 1733 1167 recta

254 1193 294 1222 te
298 1185 519 1235 caligulam
548 1186 769 1231 eonscruic,
807 1185 819 1221 i
858 1198 891 1221 e.
921 1191 967 1221 ut
994 1191 1107 1222 recte
1141 1184 1242 1222 dicit
1272 1185 1494 1233 Gemmas,
1526 1198 1606 1222 non
1637 1191 1733 1222 tan-

256 1246 342 1277 tum
373 1240 614 1288 designatam
641 1241 828 1280 omnibus
856 1240 973 1277 lineis
996 1240 1164 1289 figuram
1190 1240 1420 1278 describere
1442 1246 1484 1277 ct
1509 1239 1733 1279 transferre

258 1295 411 1347 puerili
449 1295 649 1332 industria
678 1302 831 1346 potest,
871 1296 942 1332 sed
979 1297 1022 1333 in
1052 1295 1144 1333 data
1174 1310 1414 1348 quacunque
1446 1296 1554 1333 linea
1581 1293 1732 1350 (recta)

255 1366 312 1389 ex
344 1351 568 1401 praeceptis
597 1352 705 1395 artis,
743 1351 1014 1403 quodcunque
1044 1352 1289 1402 triangulum
1315 1348 1565 1403 postulatum
1593 1353 1736 1402 fuerit,

258 1413 523 1454 construere3
564 1420 660 1457 ergo
691 1421 774 1444 non
812 1414 1021 1458 exspectat
1058 1408 1188 1445 aliena
1226 1408 1433 1458 exempla:
1470 1407 1558 1458 ipse
1587 1408 1733 1447 sibiet

254 1463 344 1501 aliis
374 1462 608 1512 exemplum
643 1468 717 1504 est,
769 1464 836 1500 Sic
866 1464 946 1514 jam
987 1476 1152 1514 prorsus
1184 1464 1323 1513 inepta
1353 1469 1414 1501 est
1453 1462 1492 1500 h.
1523 1461 1550 1501 l.
1581 1464 1731 1502 Solam:

254 1518 440 1571 quaestio
468 1518 518 1555 de
541 1518 719 1560 Luciani
744 1520 892 1570 peritia
922 1533 970 1556 an
991 1519 1193 1570 imperitia
1223 1519 1483 1569 geometriae.
1512 1518 1579 1557 Sic
1602 1533 1727 1570 porro

255 1580 389 1626 patet,
428 1574 595 1612 minime
623 1589 717 1612 cum
755 1577 904 1613 Belmo
933 1575 1244 1624 expungendam
1279 1575 1408 1612 viden·
1435 1588 1555 1625 posse
1585 1589 1729 1614 vocem

254 1627 452 1676 εὐθείας,
483 1644 610 1681 quum
642 1631 692 1668 de
723 1645 792 1679 eo,
821 1630 931 1682 quod
957 1632 1132 1682 Hippias
1162 1631 1262 1668 adeo
1292 1645 1356 1679 ea,
1386 1644 1493 1694 oquae
1520 1630 1612 1668 fieri
1644 1645 1730 1670 non

252 1687 422 1738 possint,
451 1692 643 1737 praestet,
677 1700 729 1724 ne
756 1688 925 1737 cogitari
956 1687 1118 1738 quidem
1146 1687 1267 1724 facile
1287 1687 1424 1737 possit.
1457 1687 1648 1739 Denique
1668 1688 1728 1725 sic

253 1756 337 1780 :non
373 1748 459 1788 est,
498 1743 606 1794 quod
637 1742 823 1791 dubites,
864 1744 959 1794 quin
1001 1743 1303 1793 συνισταμένου
1334 1756 1416 1780 non
1444 1744 1577 1781 minus
1601 1749 1727 1792 recte,

251 1812 371 1850 quam
401 1798 685 1851 παρεχομένου
708 1805 785 1840 etc
816 1799 864 1836 ad
897 1800 1091 1849 Hippiam
1125 1800 1345 1836 1esvveiatu1.
1372 1799 1517 1836 LE11M.

361 1852 742 1895 Ead.l·16’En2
772 1853 846 1903 τῆς
876 1856 1088 1904 domums,
1125 1854 1273 1907 φασὶν,
1310 1849 1510 1906 εὐθείας)
1538 1854 1727 1895 Prover-

249 1909 356 1949 biale
386 1909 516 1948 fuisse
536 1911 716 1949 videtur
747 1911 914 1947 GUYm.

365 1967 478 2016 Pag.
502 1967 595 2005 285.
620 1967 651 2004 l.
672 1968 712 2005 5.
740 1962 792 2007 Ο
821 1967 863 2005 δὲ
890 1981 1131 2020 μηχανικων
1155 1987 1208 1995 -
1232 1965 1306 2007 καῖ
1328 1981 1628 2017 γὲωμετρικων,
1662 1965 1725 2007 ἔτι

249 2020 294 2063 δὲ
323 2036 563 2075 αρμονικων
580 2023 648 2063 καὶ
664 2021 873 2074 μουσικῶν
894 2030 971 2060 etc.
987 2026 1003 2072 )
1032 2021 1100 2061 De
1126 2021 1360 2059 admiranda
1379 2024 1555 2073 Hippiae
1576 2023 1726 2073 peritia.

247 2079 293 2116 in
316 2078 472 2115 artibus
496 2091 540 2115 ac
560 2079 742 2116 scientiis
765 2078 849 2119 vid
880 2078 1076 2116 Plzzffllom.
1097 2079 1144 2115 L.
1167 2078 1199 2115 I.
1229 2077 1311 2116 Vit.
1335 2077 1460 2128 Soph.
1485 2078 1564 2117 XI.
1583 2079 1724 2129 ibique

253 2134 480 2182 Olearium,
512 2135 582 2185 qui
605 2148 659 2181 ex
681 2135 873 2183 Platone,
899 2140 941 2171 et
964 2136 1157 2174 Laclano
1191 2134 1306 2185 plura
1338 2133 1388 2170 de
1411 2134 1554 2172 codem
1575 2134 1724 2183 adfert,

252 2196 421 2240 arteque
446 2190 523 2227 sibi
551 2191 790 2228 memoriam
822 2203 1076 2241 comparasse
1104 2189 1247 2237 docet,
1276 2191 1333 2227 ita
1359 2196 1404 2228 ut
1433 2191 1725 2242 quinquaginta

249 2245 451 2282 vocabula
479 2246 605 2283 semel
637 2245 775 2284 audita
805 2247 949 2283 eodem
978 2246 1122 2284 ordine
1148 2246 1324 2283 recitare
1353 2251 1517 2297 posset,
1554 2259 1723 2297 esseque

246 2301 407 2350 insigne
434 2302 656 2339 memoriae
686 2308 989 2352 argumentum,
1027 2301 1135 2353 quod
1178 2315 1318 2339 omnes
1356 2302 1446 2339 sere
1484 2307 1592 2339 artes
1623 2314 1724 2352 per-

249 2355 463 2405 calluerit‚
493 2358 803 2409 ostenderitque
834 2358 877 2395 in
909 2358 1114 2409 Olympiis
1136 2358 1327 2406 anulum,
1353 2357 1557 2408 sigillum,
1585 2359 1722 2409 strigi-

249 2413 346 2460 lem,
372 2413 581 2451 vasculum
612 2413 938 2464 unguentarium,
966 2427 1124 2462 soccos,
1154 2414 1344 2465 pallium,
1374 2414 1604 2462 interulam,
1631 2415 1723 2451 cin-

252 2469 406 2520 gulum,
435 2469 613 2519 propriis
637 2469 822 2508 manibus
853 2469 1039 2507 confecta
1052 2496 1067 2517 ,‹
1093 2483 1146 2507 ex
1173 2471 1290 2509 stlat.
1315 2470 1357 2507 in
1383 2470 1539 2520 Hippia
1568 2471 1722 2508 maiore

251 2539 293 2576 p.
319 2536 386 2575 97.
436 2523 582 2562 Cetera
608 2525 693 2565 vid.
723 2525 825 2566 ibid.
856 2531 897 2562 et
927 2525 1016 2576 lege
1042 2525 1372 2569 Plzilostmtum,
1399 2525 1562 2577 opificia
1588 2532 1722 2564 artes-

202 2617 205 2625 λ
253 2594 332 2632 que
367 2581 453 2630 ejus
480 2586 799 2618 enumerantem.
842 2582 999 2618 Verum
1030 2582 1155 2632 magis
1190 2581 1413 2632 stupenda,
1449 2581 1499 2618 de
1525 2583 1723 2620 memoria

250 2649 335 2674 non
361 2643 447 2673 arte
478 2643 629 2687 parata,
659 2636 732 2675 sed
758 2650 781 2674 a
807 2643 951 2674 natura
973 2636 1131 2684 donata,
1158 2637 1239 2687 legi
1268 2637 1482 2688 quondam,
1511 2637 1552 2674 ni
1581 2637 1719 2684 fallor,

252 2692 298 2729 in
327 2691 464 2742 Epist,
495 2693 669 2740 Mureti,
698 2691 749 2729 de
777 2705 918 2743 puerO,
944 2693 1015 2744 qui
1035 2693 1191 2743 aliquot
1217 2699 1389 2730 centena
1414 2692 1720 2741 vocabulorum,

253 2748 491 2799 peregrina,
519 2749 798 2800 cujuscunque
830 2749 1014 2799 linguae,
1054 2749 1118 2787 vel
1143 2748 1250 2787 nihil
1279 2749 1400 2787 etiam
1437 2748 1720 2800 significantia,
