1819 3198
471 230 678 266 1NDE
727 231 1150 264 GYMNASIIS.
1457 217 1557 266 479

85 336 248 378 soribus
276 331 434 386 palmae
460 345 618 372 ramum
648 345 724 383 pro
749 331 892 370 brabio
922 330 1061 370 datum
1081 331 1208 370 fuisse
1238 332 1353 374 dicit.
1411 333 1493 371 Sed
1514 334 1559 374 in

88 393 278 432 omnibus
308 390 433 428 sacris
464 389 753 427 certaminibus
785 388 882 431 aliis
906 388 1058 426 brabiis
1087 390 1258 428 auctarii
1297 391 1390 428 vice
1419 390 1558 430 datum

85 450 240 495 fuisse,
273 447 350 493 (ita
378 446 530 497 legitur
552 458 614 495 ap.
639 445 778 483 Palm.
801 457 879 494 pro
901 443 1113 495 additum)
1141 446 1291 483 asserit
1313 447 1562 486 Pausaniae

85 507 132 544 iu
163 502 390 550 Arcadieis,
420 514 507 553 pag.
530 500 624 549 276.
657 506 699 538 et
724 500 946 540 Plutarch.
970 500 1109 552 Symp.
1134 502 1250 540 VIII.
1274 516 1311 543 c.
1337 504 1375 540 4.
1406 504 1562 540 Helio-

87 563 212 599 dorus
242 566 379 597 tamen
408 557 565 595 nullum
599 555 710 594 aliud
747 556 973 608 praemium
1004 570 1077 608 pro
1109 557 1284 596 victoria
1314 572 1389 596 suo
1420 558 1562 596 Thea-

91 618 184 669 geni
223 614 455 667 adjudicat,
497 619 660 665 praeter
701 626 855 650 ramum
891 610 1009 650 illum
1049 613 1206 664 palmae
1248 615 1417 653 arboris.
1478 615 1562 654 Sed

88 688 170 711 non
211 677 272 709 est
309 669 598 707 dissimulanda
640 669 789 706 summi
826 668 907 706 viri
936 670 1164 717 sententia,
1201 672 1271 722 qui
1299 672 1341 709 in
1373 673 1482 709 notis
1511 671 1563 709 ad

87 730 267 767 Dionem
298 740 371 778 per
398 739 518 777 poma
545 721 637 762 vult
662 725 836 774 intelligi
865 725 970 762 lauri
1000 726 1167 774 baccas,
1199 725 1272 765 sed
1301 727 1390 765 sine
1415 741 1564 765 exem-

88 786 174 837 plo.
212 783 448 822 Ausonium
485 782 608 819 etiam
638 780 904 832 reprehendit
932 788 1238 821 enumerantem
1266 783 1432 822 diversa
1465 784 1566 821 bra-

89 842 178 888 bia,
208 840 288 877 sic:
321 838 439 875 Serta
463 838 613 889 quihus
627 840 780 889 ριήιιε,
805 838 966 887 malus,
995 838 1122 885 oliva,
1151 841 1311 889 apium.
1369 839 1451 878 Sed
1471 853 1567 878 cum

90 910 140 934 eo
160 894 368 933 consentit
388 894 599 931 Libaniics
625 894 717 931 loco
745 893 884 941 citato,
915 895 984 944 qui
1008 895 1138 945 μηλεά
1161 893 1310 944 habet,
1339 909 1423 934 non
1443 894 1570 948 μῆλα.

90 953 249 991 Tamen
286 951 377 1001 jure
421 949 589 987 videtur
631 963 803 998 arguere
833 951 1086 998 Ausonium,
1127 952 1198 1003 qui
1232 951 1330 990 dum
1361 952 1569 990 Graecum

92 1009 338 1060 epigramma
373 1006 595 1056 exprimit,
635 1006 741 1043 male
775 1003 886 1056 μῆλα
924 1019 997 1057 per
1033 1007 1168 1044 malus
1194 1009 1335 1048 vertit.
1393 1007 1474 1046 Sed
1501 1008 1571 1046 sa-

92 1071 203 1113 teor,
235 1077 307 1114 per
336 1061 444 1114 μῆλα
474 1076 537 1099 me
567 1075 647 1100 non
676 1075 794 1113 posse
834 1075 999 1112 capere,
1031 1063 1236 1113 quomodo
1261 1065 1439 1115 intelligi
1466 1077 1572 1115 pos-

93 1121 178 1158 sint
215 1132 346 1171 poma.
374 1119 513 1157 PALM.
578 1119 704 1156 Errat
731 1118 983 1155 Palmerlch.
1026 1118 1123 1158 Vid.
1150 1121 1265 1159 Pott.
1284 1122 1382 1170 417.
1413 1121 1570 1158 SOLAN.

95 1178 337 1215 Lucianam
365 1174 526 1213 fructus
557 1175 777 1221 arborum,
820 1172 929 1224 μῆλα
961 1172 1122 1221 dicere,
1160 1188 1242 1212 non
1270 1189 1427 1225 ramos,
1455 1182 1573 1227 puto.

92 1232 192 1271 Non
219 1222 397 1283 Primum
416 1230 683 1280 Anthologias
702 1229 949 1280 epigramma
976 1228 1118 1279 laudo,
1150 1231 1220 1268 ubi
1238 1228 1417 1280 κότινος,
1445 1230 1572 1284 μῆλα,

98 1287 259 1336 σέλινα,
288 1288 437 1334 πίτυς,
479 1286 588 1324 sorte
617 1286 744 1337 ipsius
775 1285 980 1324 societatis
1004 1299 1142 1325 caussa
1170 1289 1448 1341 suspicionem
1480 1302 1575 1327 mo·-

94 1350 243 1392 veant,
283 1356 441 1387 ramum
482 1355 569 1380 esse
606 1341 942 1392 intelligendum3
982 1342 1054 1379 sed
1095 1342 1198 1392 hoc,
1238 1343 1351 1396 quod
1374 1344 1453 1383 hoc
1482 1345 1575 1396 ipso

96 1401 188 1439 loco
218 1400 350 1437 simile
379 1399 499 1450 plane
525 1396 921 1436 Panathenaicorum
950 1400 1178 1449 praemium
1213 1406 1577 1450 commemoratur,

96 1460 228 1494 oleum
248 1470 267 1493 e
288 1469 408 1493 saera
419 1456 640 1492 Blinervae
661 1453 939 1492 olea.Deinde
954 1455 1115 1505 quoties
1129 1457 1406 1506 praemiorum
1425 1456 1577 1497 horum

96 1512 230 1551 denuo
261 1511 510 1549 mentionem
531 1512 573 1548 in
604 1509 682 1547 hoc
712 1510 885 1560 Dialogo
913 1510 1057 1561 injicit,
1087 1512 1223 1563 injicit
1249 1519 1384 1551 autem
1414 1514 1578 1566 aliquo-

95 1570 197 1617 ties,
225 1566 336 1620 μῆλα
366 1579 526 1618 semper
555 1580 576 1602 a
596 1565 759 1602 coronis
783 1566 1019 1616 distinguit:
1049 1569 1288 1618 praesertim
1317 1569 1442 1617 infra,
1464 1572 1578 1612 c.15.

99 1625 206 1664 nied.
242 1619 456 1675 πρόκειται
495 1620 701 1672 στέφανος·
736 1616 783 1662 οὗ
819 1621 984 1671 πίτυος,
1023 1620 1115 1664 οὐδὲ
1140 1624 1302 1667 κοτίνου
1337 1621 1365 1675 ἢ
1391 1628 1576 1668 σελίνων.

101 1680 259 1731 Quidni
285 1677 440 1731 μηλέας
469 1685 539 1716 aut
568 1673 707 1729 μήλων
734 1678 949 1729 adjiceret,
991 1679 1025 1716 si
1054 1694 1127 1731 par
1158 1688 1245 1718 erat
1270 1681 1411 1719 ratio?
1444 1681 1578 1722 GEsN.

214 1735 321 1775 Ead.
353 1736 383 1774 l.
415 1736 476 1775 13.
518 1738 693 1776 Παναθ.
722 1731 856 1774 ἔλαιον
897 1731 946 1775 τό
973 1735 1018 1776 ἐκ
1047 1734 1121 1785 τῆς·
1150 1737 1318 1789 μορίας)
1356 1738 1468 1787 Quid
1495 1739 1580 1778 hoc

101 1792 178 1840 sit,
210 1791 330 1830 docet
356 1791 570 1828 Meursius
593 1789 762 1827 Panath.
791 1790 986 1828 olearum
1008 1806 1155 1843 nempe
1177 1807 1302 1844 genus
1326 1794 1446 1844 juxta
1465 1794 1580 1833 Aca-

100 1849 287 1895 demiam,
318 1860 420 1899 quae
449 1847 542 1885 Deo
570 1859 706 1884 sacrae
732 1852 874 1895 erant;
903 1846 1040 1885 Schol.
1067 1850 1280 1899 Ari-stoph.
1301 1854 1417 1901 Νεφ.
1447 1850 1580 1889 Acci..

100 1906 268 1956 piebant
297 1909 434 1941 autem
465 1916 633 1941 urceum
665 1908 819 1950 totum,
848 1903 978 1951 (idem
1003 1903 1159 1950 Schol.)
1187 1911 1228 1942 et
1259 1913 1483 1957 exportare
1513 1921 1584 1946 so·-

101 1962 153 2000 lis
181 1960 341 1998 licebat.
360 1960 518 1997 SoLAN.
558 1958 785 1997 Adleverat
807 1972 935 2010 marg.
958 1961 1325 2011 Hemsterlmsias,
1353 1962 1582 2002 videndum

103 2020 158 2056 P,
179 2018 382 2056 Burman,
403 2021 447 2056 Z.
476 2019 658 2068 Καταιβ.
714 2013 784 2051 Ex
811 2013 891 2052 hoc
914 2016 1041 2065 igitur
1066 2016 1262 2067 quaedam
1282 2017 1478 2070 adjecisse
1497 2033 1584 2058 non

103 2073 282 2111 alienum
302 2072 394 2110 erit.
438 2070 512 2109 Ait
534 2078 668 2109 autem
687 2069 719 2109 s.
742 2084 784 2121 p.
807 2072 902 2112 281.
924 2071 998 2109 Ed.
1030 2073 1221 2111 iteratae:
1254 2073 1400 2111 Oleum
1419 2090 1467 2112 ex
1488 2080 1584 2124 ejus

105 2127 302 2179 (arboris)
330 2128 479 2178 fructa
498 2129 722 2178 exprimere
746 2128 791 2163 in
812 2139 951 2164 sacros
973 2141 1072 2165 usus
1101 2130 1290 2166 licuerit:
1319 2144 1418 2168 nam
1445 2134 1583 2169 vic-to—

106 2185 222 2223 ribus
255 2185 301 2220 in
325 2183 664 2221 Panathenaicis
693 2182 790 2219 inde
822 2183 955 2220 oleum
983 2184 1155 2230 clatum,
1201 2186 1318 2223 docet
1341 2186 1516 2234 Saiclas,
1545 2197 1585 2225 et

106 2239 358 2278 Sclzoliastes
378 2239 592 2289 Sophoclis
613 2252 660 2275 ex
682 2239 912 2286 Aristotele,
942 2248 979 2277 et
991 2240 1237 2291 Apostolias
1257 2243 1446 2292 proverb.
1471 2245 1587 2284 Cenc.

107 2296 225 2335 Xlll.
245 2296 311 2336 28.
368 2296 421 2332 Ut
443 2303 482 2332 et
505 2296 687 2332 Lucian.
710 2297 756 2331 in
775 2294 941 2334 Anach.
966 2297 1010 2336 T.
1036 2308 1072 2335 2.
1095 2311 1200 2347 pag.
1225 2298 1318 2347 173.
1342 2299 1586 2342 EetGraev,

114 2352 230 2391 Unde
261 2352 308 2388 ab
328 2351 542 2388 Athenaeo
574 2351 623 2388 L.
649 2351 750 2398 XV,
778 2362 841 2390 ιι,
877 2359 916 2388 et
936 2352 1054 2391 Plin.
1074 2350 1203 2397 XIII,
1232 2365 1267 2394 1.
1305 2355 1587 2394 Panathenai-

109 2421 203 2447 cum
242 2407 378 2446 oleum
403 2415 600 2455 vocatur,
651 2406 762 2458 quod
788 2409 969 2456 optimae
1006 2416 1128 2446 notae
1161 2417 1264 2450 erat.
1319 2411 1375 2448 Et
1397 2413 1586 2463 sortasse

110 2478 262 2504 corona
293 2463 533 2513 oleaginea,
582 2476 665 2514 qua
699 2464 872 2500 victores
910 2465 1218 2503 coronabantur
1247 2466 1452 2516 AtheniS,
1487 2477 1586 2506 teste

110 2521 231 2560 Plin.
264 2519 367 2568 XV,
392 2520 431 2561 4.
457 2533 506 2556 ex
533 2517 600 2555 liis
629 2517 788 2570 μορίοις
806 2519 917 2569 fuit.
965 2519 1044 2569 (sic
1071 2521 1243 2571 legitur,
1281 2537 1358 2575 pro
1389 2521 1586 2578 μορίαις.)

113 2575 234 2626 Quod
260 2576 398 2626 magis
432 2576 661 2612 verosimile
689 2574 922 2623 videbitur,
961 2578 1000 2612 si
1034 2590 1174 2614 veram
1203 2581 1281 2623 sic,
1326 2582 1436 2631 qnod
1469 2590 1586 2618 notat

112 2633 228 2670 Alex.
251 2631 304 2670 al)
323 2631 442 2670 Alex.
462 2631 537 2669 Ill.
553 2630 639 2671 C.3.
670 2631 793 2668 duces
815 2631 1089 2669 Athenienses
1107 2635 1154 2670 in
1179 2634 1328 2672 hellam
1346 2636 1588 2685 prodituros

113 2696 264 2725 sertum
283 2701 331 2724 ex
349 2687 440 2724 olea
474 2700 597 2724 sacra
617 2689 821 2724 sumsisse.
878 2688 975 2724 Hoc
1001 2690 1146 2726 saltem
1165 2699 1342 2727 statuere
1366 2693 1485 2739 licet,
1516 2708 1587 2729 co-

113 2756 237 2781 ronas
269 2743 365 2781 inde
392 2742 624 2795 aliquando
644 2743 809 2795 saetae.
872 2743 925 2781 Ut
959 2744 1089 2782 Creon
1108 2746 1228 2797 apud
1246 2747 1396 2799 Ezcrip.
1419 2747 1505 2786 Ion.
1534 2751 1588 2790 V.
