1819 3198
464 259 537 293 ιΝ
585 256 1188 290 PH1LOPSEUDEM.
1460 245 1559 292 553

84 375 188 416 quae
213 365 419 400 maturum
447 359 543 412 jam,
573 364 687 398 certe
714 371 853 397 rerum
887 356 1119 408 cognitione
1143 356 1416 404 instructum,
1444 358 1561 411 judi-

83 420 191 458 cium
219 417 412 469 requirit,
443 415 613 466 Physica
637 415 840 453 audirent.
872 414 1000 451 Stoici
1024 427 1123 451 vero
1152 426 1233 451 non
1260 413 1440 452 secundo
1465 422 1563 454 tan-

83 481 171 514 tum
202 473 318 522 loco,
367 472 436 510 sed
474 473 600 510 tertio
639 477 680 509 et
709 471 856 508 ultimo
891 469 1088 507 videntur
1126 469 1322 519 Logicam
1361 469 1562 515 docuisse,

83 529 192 569 Vide
218 531 350 581 Diog.
379 529 521 568 Lae'rt.
545 541 635 579 pag.
665 528 752 576 173.
768 527 822 563 D.
848 539 1090 577 quamquam
1117 525 1226 563 idem
1249 525 1455 575 (174‚A.)
1483 527 1565 565 do...

83 594 166 634 cet,
197 587 298 625 alios
330 583 489 623 Stoicos
514 585 693 636 primum
720 582 909 621 docuisse
933 581 1155 633 Logicam,
1184 593 1221 618 2.
1244 581 1371 633 Phys.
1392 582 1434 624 5.
1452 583 1564 626 Mor.

82 642 193 684 Phil.
226 643 385 680 SoLAhn
741 685 746 690 .

199 699 304 739 Ead.
328 698 356 735 1.
379 697 416 735 8.
446 690 623 749 Βὸθρον
657 710 700 736 τε
736 690 1016 748 ὀρυξάμενος)
1051 693 1224 734 Heliod.
1243 693 1314 733 lib.
1335 693 1376 739 6.
1403 694 1566 740 Bonam

81 755 266 796 Lucian.
293 753 491 805 Necyom.
518 767 550 791 c.
576 766 614 803 9.
643 752 784 804 ibique
810 749 1095 792 HemsterlzaS,
1125 749 1271 789 Lanu.

196 809 355 851 Ead.l.
382 811 442 849 15.
485 807 734 851 Γυναικείαν
769 801 967 859 μορφῆν)
1002 804 1164 857 Nempe
1202 806 1358 858 species
1387 805 1568 850 humana

81 867 266 919 pertinet
295 865 345 903 ad
371 866 568 914 Dianam,
598 866 670 903 bos
694 870 753 902 est
781 863 877 910 isis,
907 862 1018 901 canis
1045 862 1229 911 Hecate,
1265 877 1367 917 quae
1397 865 1568 904 nomina

83 922 136 962 ad
164 921 326 960 Lunam
356 922 508 960 referri
537 926 709 960 constat.
740 920 878 958 Gnsn.

196 981 310 1029 I’ag.
333 979 429 1017 254.
450 977 478 1015 1.
502 974 541 1016 4.
568 971 904 1029 Ἐμμανέστατα)
934 970 1070 1027 Supra
1101 974 1199 1014 Ver.
1219 975 1332 1014 Hist.
1355 974 1567 1030 ἐπιμανῶς

84 1030 304 1089 οἷναπῶσα.
328 1034 442 1073 Infra
469 1033 712 1083 Pseudolog.
740 1046 776 1073 e.
797 1044 864 1073 21.
891 1030 1203 1083 ἐπιμανέστερα.
1235 1032 1394 1070 SOLAN.

199 1092 306 1130 Ead.
325 1092 351 1130 l.
377 1092 415 1133 8.
448 1087 506 1131 To*
534 1089 762 1142 λυκαυγὲς)
802 1086 832 1127 I.
859 1102 891 1125 e·
925 1084 975 1129 τὸ
1003 1081 1213 1138 λυκόφως.
1257 1087 1314 1126 Et
1344 1084 1465 1141 λύγος·
1492 1102 1566 1129 sen

83 1141 184 1199 λῦγη
211 1155 429 1200 utrumque
456 1145 729 1199 compositum
756 1138 970 1198 λυκόφως,
1007 1144 1231 1197 λυκαυγὲς,
1257 1157 1335 1195 pro
1363 1141 1568 1198 λυγόῳως,

84 1203 294 1257 λυγαυγές.
323 1205 497 1243 Guerr.

201 1260 308 1297 End.
321 1260 350 1303 1,
372 1273 429 1298 10.
451 1254 516 1300 Εὖ
532 1255 680 1312 λέγεις)
707 1257 942 1297 Paruissem
963 1255 1032 1295 hic
1057 1255 1229 1307 margini
1250 1255 1447 1306 Aldinae,
1468 1271 1570 1309 per-

85 1328 208 1353 sonae
236 1329 368 1354 novae
393 1329 543 1355 nomen
570 1315 834 1366 praemittere
860 1314 1055 1366 jubentis,
1087 1327 1206 1365 quam
1230 1312 1336 1350 Edd.
1367 1314 1568 1364 omisere;

85 1371 158 1410 sed
189 1372 284 1424 quia
306 1372 414 1410 idem
442 1372 533 1422 plus
561 1372 728 1422 triginta
754 1372 914 1410 vicibus
943 1370 986 1407 in
1016 1383 1100 1407 uno
1128 1368 1207 1406 hoc
1237 1369 1411 1420 Dialogo
1432 1371 1566 1422 jubet,

87 1434 128 1466 et
151 1430 387 1477 conjectura
408 1434 566 1465 tantum
591 1434 664 1476 est,
688 1441 770 1465 non
793 1425 957 1465 Codicis
976 1426 1112 1474 lectio,
1137 1438 1221 1463 non
1243 1431 1405 1464 tantum
1428 1427 1466 1464 ei
1490 1426 1570 1464 tri-

86 1483 295 1523 buendum
325 1484 448 1532 duxi,
495 1489 544 1521 ut
571 1484 697 1521 nimia
724 1483 949 1521 mutatione
981 1487 1124 1520 contra
1145 1482 1433 1520 auctoritatem
1461 1482 1570 1520 Edd.

87 1546 130 1579 et
170 1546 408 1578 nostrorum
448 1538 577 1577 Codd.
619 1553 834 1590 grassarer.
890 1539 1021 1576 Immo
1066 1551 1114 1576 re
1153 1537 1335 1588 penitius
1371 1531 1568 1590 inspecta,

89 1596 328 1645 saepissime
356 1609 622 1648 personarum
645 1596 812 1634 nomina
841 1594 979 1632 studio
1006 1595 1154 1631 omissa
1174 1593 1224 1631 ab
1246 1600 1413 1631 auctore
1433 1594 1571 1642 video,

89 1652 182 1705 quia
217 1658 362 1703 sponte
393 1658 533 1704 patet,
579 1652 650 1690 ubi
680 1651 851 1701 incipiat
878 1663 985 1688 nova
1027 1662 1229 1701 persona,
1273 1649 1434 1701 quando
1464 1649 1571 1688 illud

89 1711 263 1760 inquam
286 1723 373 1759 ego,
404 1710 545 1760 inquit
574 1709 666 1756 ille,
697 1707 880 1746 additur.
924 1707 987 1746 Ita
1018 1707 1158 1745 Cicero
1187 1719 1210 1743 e
1237 1705 1444 1743 contrario
1474 1706 1573 1744 evi-a
1629 1708 1633 1714 '

89 1771 248 1803 taturus
282 1764 353 1802 illa
389 1765 561 1813 repetita
602 1766 778 1816 inquam
817 1769 860 1801 et
897 1763 1059 1815 inquit,
1107 1775 1376 1813 personarum
1405 1762 1574 1800 nomina

90 1820 310 1869 adscribit,
339 1817 449 1872 quod
480 1819 644 1858 disertis
676 1819 814 1858 verbis
843 1825 985 1857 monet
1015 1817 1066 1855 de
1091 1818 1258 1855 Amicit.
1282 1831 1319 1857 c.
1346 1830 1381 1856 l.
1431 1819 1572 1869 Quasi

88 1879 200 1914 enim
222 1879 333 1927 ipsos
355 1878 505 1914 induxi
524 1877 758 1928 loquentes‘,
795 1890 867 1924 ne,
903 1875 1092 1926 inquam,
1120 1882 1182 1917 et,
1211 1873 1369 1925 inquit,
1403 1876 1574 1924 saepias

88 1934 468 1983 interponerentur.-
489 1942 614 1983 alque
629 1940 675 1969 at
693 1940 897 1983 tanquam
915 1945 941 1967 a
956 1930 1250 1981 praesentibus
1271 1944 1409 1967 coram
1427 1929 1576 1967 haberi

88 2002 217 2026 sermo
249 1989 467 2030 videretur.
517 1988 657 2036 Quare
696 1994 844 2038 terque
887 1993 1113 2038 quaterque
1151 1985 1420 2024 insertionem
1458 1985 1574 2023 illam

90 2044 283 2095 marginis
308 2045 408 2084 Alcl.
436 2043 640 2081 indicasse
670 2048 909 2090 contentus,
937 2048 1092 2082 ceteras
1117 2042 1276 2079 omitto.
1304 2042 1459 2079 Rzmz.

202 2102 315 2150 Pag.
339 2101 432 2138 255.
469 2100 499 2138 l.
519 2099 555 2136 6-
592 2094 645 2140 ‘0
675 2098 717 2139 δὲ
744 2095 951 2150 τεττάρων
984 2095 1126 2149 μνῶν,
1163 2091 1272 2136 πάνυ
1303 2092 1574 2149 σμικρολόγος

92 2151 164 2204 ὧν,
194 2154 404 2197 Γλαυκίαν
433 2154 660 2207 ἐπέραστον
687 2149 921 2207 ἐργάζεται)
952 2152 1184 2204 Interpres,
1215 2153 1256 2190 Is
1283 2162 1462 2204 quatuor
1490 2156 1576 2190 mi-

92 2226 257 2255 narum,
289 2200 452 2248 tantilli
470 2213 578 2248 lac-ri
598 2212 763 2258 avidas,
799 2211 1023 2248 Glauciam
1049 2211 1202 2246 amoris
1222 2217 1444 2259 compotem
1460 2211 1578 2259 sece-

94 2270 165 2308 rit.
195 2267 337 2305 Merae
367 2281 508 2318 nugae.
560 2266 624 2303 Ad
659 2265 873 2303 historiam
909 2265 960 2302 de
987 2278 1126 2303 amore
1162 2264 1359 2302 Glauciae
1387 2264 1478 2317 (qui
1504 2266 1576 2302 ni-

91 2324 245 2361 mirum
275 2323 521 2371 Chrysidem
554 2321 752 2374 quandam
783 2335 932 2369 amans,
960 2334 1005 2358 ea
1037 2321 1190 2371 potitus
1211 2320 1363 2358 dicitur
1389 2335 1475 2359 esse
1496 2334 1577 2372 ope

93 2380 204 2429 Magi
236 2379 460 2430 cujusdam,
495 2380 564 2430 qui
593 2380 778 2429 jactaret,
804 2391 858 2425 se,
883 2378 916 2414 si
943 2374 1080 2425 vellet,
1102 2378 1151 2415 ab
1175 2376 1386 2414 ditissimis
1406 2377 1575 2415 seminis

98 2435 360 2473 sollicitatum
387 2435 453 2483 iri,
482 2442 523 2472 et
550 2434 709 2483 integra
739 2434 788 2471 ab
819 2435 877 2471 eis
906 2433 1056 2470 talenta
1080 2439 1344 2483 accepturum
1376 2447 1476 2481 esse,
1503 2432 1577 2471 ubi

94 2498 231 2529 tamen
257 2497 433 2542 quatuor
451 2491 574 2528 minis
605 2490 800 2528 Glauciae
831 2489 1074 2539 Chrysidem
1101 2485 1375 2544 conciliasset)
1403 2503 1579 2540 respon-

97 2547 169 2585 det
201 2546 434 2598 Tychiades
465 2547 576 2583 inter
605 2546 706 2594 alia,
736 2559 778 2583 se
804 2546 945 2584 mirari
977 2545 1141 2595 Magum
1171 2545 1330 2596 ipsum,
1359 2545 1468 2597 quod
1495 2545 1578 2593 ille,

98 2605 195 2642 dum
222 2605 345 2655 possit
374 2603 460 2652 ipse
481 2602 772 2640 ditissimarum
796 2602 1041 2640 seminarum
1066 2615 1205 2638 amore
1227 2601 1326 2645 frui,
1352 2607 1394 2639 et
1411 2601 1581 2651 insuper

98 2661 270 2710 integris
298 2659 462 2696 talentis
494 2659 542 2696 ab
575 2658 632 2694 eis
662 2658 830 2703 donari,
873 2664 1009 2695 tamen
1040 2667 1218 2709 quatuor
1246 2658 1399 2701 minis,
1440 2657 1583 2695 lac-elli

103 2716 258 2767 oppido
280 2717 423 2765 exigui
442 2716 645 2751 rationem
666 2713 839 2763 Ιιαὸεηε,
868 2714 1080 2753 Glauciam
1100 2713 1328 2753 reddiderit
1346 2712 1581 2761 amabilem,

105 2771 301 2822 Chrysidi
330 2784 490 2824 nempe.
523 2770 544 2809 J
548 2781 636 2810 nus.
