1819 3198
544 280 614 312 IN
669 280 756 313 DE
812 280 1069 314 suern.
1447 259 1544 319 511

69 386 185 426 ribus
212 379 399 434 corporis
428 379 588 420 viribus
614 379 779 429 fractis,
806 394 891 419 non
916 379 961 419 in
998 379 1186 420 distortis
1221 382 1437 429 membris,
1459 398 1546 437 ‘po-

69 441 205 483 nenda
232 439 446 478 videntur.
508 436 641 475 Unice
668 437 868 489 probatur
887 435 989 475 mihi
1018 437 1167 487 Guyeti
1192 441 1546 490 praestantissima¹

71 498 310 547 conjectura
337 493 616 547 παρατρίψει,
641 507 760 550 quam
786 499 950 545 praeter
978 493 1201 531 Gesneram
1223 495 1344 533 etiam
1372 496 1550 534 Βοίεεο-ι

71 555 228 593 nadias
257 552 470 603 amplexus
499 555 582 597 cst3
620 552 675 588 ex
712 563 790 602 qua
827 549 1002 599 genuina
1040 563 1141 587 voce
1168 549 1282 588 facili
1316 551 1434 602 lapsu
1461 552 1547 605 pri·

71 624 184 650 mum
223 606 509 662 παρατρέψω,
559 602 712 644 dehinc
761 604 864 643 aliae
892 606 980 643 sive
1020 605 1323 655 aberrationes‚
1361 607 1451 645 sive
1477 622 1547 647 ca-

72 665 312 716 stigationes
327 689 338 709 ,
362 659 595 712 οἱνατρὲψει
615 667 657 700 et
680 657 954 712 οἷναστρὲψει,
984 661 1201 714 διατρέφει
1230 669 1270 700 et
1289 662 1549 717 διαστρέψει»Υ

73 724 173 776 quin
199 721 323 758 etiam
366 717 640 770 διαστρέψαι,
680 724 771 756 orta
801 730 889 755 esse
920 716 1129 758 videntur.
1189 719 1332 757 Minus
1367 719 1469 758 mihi
1494 721 1552 759 li-

74 783 174 831 quet
211 776 262 814 de
298 776 562 826 sequentibus
600 774 760 823 verbis,
797 769 892 815 οὐδὲ
931 771 1169 824 σπαθήσεις
1195 774 1275 816 ,ἐπὶ
1314 771 1445 830 τούτῳ
1471 783 1550 815 etc.

71 833 301 884 Aequiesco
340 837 479 868 tamen
519 830 563 869 in
601 830 774 881 vulgatis
813 836 854 869 et
898 830 1157 870 Gesneriana
1193 831 1553 883 interpretatione,

74 901 318 942 quamquam
349 886 538 939 suspicor
567 892 608 927 et
636 885 749 925 aliud
781 885 923 925 nescio
961 885 1060 938 quid
1089 886 1131 928 h.
1151 888 1179 927 l.
1206 888 1250 926 in
1283 890 1412 927 verbo
1440 905 1554 930 σηα..

72 943 163 998 θᾷιι
189 944 386 995 cogitasse
412 947 645 991 auctorem,
684 941 795 995 quod
822 955 905 980 non
936 942 1120 992 tetigerit
1146 944 1372 992 Gesnerus3
1414 949 1459 983 et
1485 944 1556 987 ἐπὶ

74 998 211 1053 τούτῳ
244 1012 328 1037 non
355 999 515 1047 accipio
555 1012 630 1050 pro
667 999 864 1050 insuper,
895 997 966 1035 sed
995 998 1108 1037 lzzmc
1139 1001 1186 1038 in
1192 1000 1341 1048 finem.
1367 1001 1558 1039 Jacobsiz:

75 1057 377 1108 conjecturam,
405 1051 497 1095 οὐδὲ
524 1048 747 1095 σταθεύσει
775 1068 819 1095 σε
846 1048 895 1095 τὸ
918 1049 1120 1106 λουτρδν,
1157 1069 1286 1107 neque
1318 1057 1488 1095 torrebit
1515 1063 1555 1096 te

75 1114 320 1161 lavacrum,
360 1112 438 1149 etsi
467 1111 838 1161 elegantissimam,
878 1116 925 1148 ut
962 1111 1123 1159 omnia,
1161 1124 1264 1163 quae
1295 1125 1349 1150 ex
1376 1110 1456 1150 hoc
1485 1115 1558 1152 in-

78 1170 198 1221 genio
228 1174 474 1217 nascuntur,
501 1173 639 1205 tamen
663 1172 710 1204 ut
736 1172 882 1204 cautus
908 1165 1085 1204 Luciani
1113 1167 1306 1205 librarius
1334 1167 1555 1208 admittere

77 1225 275 1274 verebar,
314 1225 467 1276 quippe
504 1222 766 1260 audaciorem
795 1221 935 1273 paullo
965 1229 1008 1260 et
1037 1222 1382 1264 artificiosiorem.
1409 1225 1558 1264 Lanu.

189 1280 301 1321 Ead.
326 1280 354 1320 l.
376 1280 415 1317 3.
455 1274 707 1328 Σπαθῆσεις
744 1276 833 1328 ἐπῖ)
877 1274 906 1314 Ι.
929 1290 964 1315 e.
1000 1279 1196 1329 insuper,
1236 1293 1311 1331 pro
1339 1280 1457 1331 fuse,
1495 1281 1560 1320 bis

78 1343 150 1376 aut
176 1342 241 1375 ter
266 1337 310 1373 in
339 1335 405 1374 die
427 1336 685 1388 epulaberi3‚
711 1334 781 1373 vel
805 1346 894 1372 rem
917 1334 1108 1387 prodiges
1127 1334 1170 1374 in
1196 1342 1384 1389 sumptus
1409 1350 1564 1391 supero,

78 1393 194 1433 fluos.
228 1392 399 1430 GUYET.
837 1419 839 1422 v

191 1448 297 1485 Ead·
324 1447 350 1488 l.
374 1448 410 1486 8-
437 1445 523 1489 Kal
550 1443 720 1502 διανοῇ)
740 1443 845 1489 “On
873 1444 1034 1499 διανοῇ.
1060 1446 1256 1486 MAncu..
1297 1446 1348 1487 In
1367 1446 1441 1490 καὶ
1458 1444 1564 1489 co'n..

77 1505 262 1544 sentiunt
290 1503 397 1544 Edd.
442 1517 520 1542 nec
559 1503 783 1556 quidquam
819 1502 1030 1542 varietatis
1071 1509 1260 1544 notatum
1298 1504 1470 1545 invenio
1507 1519 1565 1547 ex

82 1561 212 1600 Codd.
244 1560 396 1598 Rmrz.

192 1616 302 1656 Eacl.
324 1616 350 1654 l.
373 1629 410 1667 9.
440 1615 770 1664 Κατακλεισθεῖς
793 1614 840 1656 ἐν
871 1615 939 1658 ἔπῖ
963 1610 1168 1670 μνήματι)
1195 1611 1273 1658 Ἐν
1299 1613 1566 1671 ἕπιμνῆματιρ

84 1675 132 1712 in
159 1675 418 1723 superposito
457 1680 729 1712 monumento.
758 1673 948 1710 MAncn„
1005 1672 1071 1710 En
1100 1686 1221 1726 quarn
1244 1673 1368 1712 facile
1395 1675 1564 1726 regulae

81 1730 251 1768 criticae
293 1730 382 1766 sine
419 1726 624 1766 librorum
664 1728 908 1766 auctoritate
946 1728 1093 1767 fallere
1130 1729 1304 1780 possint.
1371 1730 1566 1783 Arripuit

87 1785 256 1824 Marcili
297 1783 407 1836 quod
450 1784 662 1828 literarum
701 1784 850 1823 ductus
879 1785 1096 1834 suadebat,
1130 1790 1173 1823 et
1199 1786 1291 1823 sine
1321 1787 1564 1834 mutatione,

85 1843 173 1880 sola
201 1853 350 1878 vocum
375 1840 665 1891 conjunctione
690 1841 829 1879 locum
860 1853 1003 1879 sanare
1032 1841 1144 1879 visus
1177 1848 1259 1880 est:
1286 1841 1359 1879 sed
1386 1841 1490 1881 illud
1508 1839 1567 1898 τῷ

82 1911 161 1950 pro
187 1896 275 1945 ἐπὶ,
306 1896 415 1948 quod
445 1896 542 1933 libri
563 1896 854 1947 suppeditant,
882 1903 923 1934 et
949 1895 1060 1949 quod
1089 1897 1230 1936 forsan
1253 1898 1462 1951 conjicere
1482 1898 1569 1942 non

84 1967 205 1992 ausus
236 1959 364 2000 esset,
394 1952 531 1991 verius
561 1963 671 2001 esse,
703 1953 879 2005 quilibet
907 1953 1032 1992 videt.
1063 1953 1219 1996 Riflrz.

200 2009 306 2049 Ead.
327 2008 356 2049 l.
381 2020 444 2047 12.
467 2003 775 2063 Λυνησόμεθα)
805 2010 868 2049 Ita
888 2009 943 2049 L.
971 2013 1102 2051 recte.
1135 2009 1186 2048 In
1203 2010 1390 2062 impress.
1417 2006 1569 2060 δεησό-

84 2069 216 2119 μεθα.
240 2065 398 2106 SOLAN.

199 2123 311 2172 Pag.
338 2118 434 2160 206.
462 2118 489 2158 1.
513 2119 554 2160 3.
579 2115 966 2173 Ἐστεφανωμένος)
1002 2121 1210 2159 Accentus
1240 2122 1441 2160 sztinae
1470 2123 1570 2161 satis

89 2176 296 2221 ostendit,
339 2189 427 2214 eam
457 2177 726 2227 praeteritum
765 2186 929 2229 quoque
959 2175 1158 2215 exhibere
1186 2177 1395 2226 voluisse,·
1416 2177 1573 2230 alioqui

90 2227 406 2286 στεφανούμενος
437 2239 809 2284 proparoxytonoes
855 2233 1054 2271 dedisset:
1095 2231 1146 2270 de
1183 2239 1403 2284 augmento
1441 2235 1573 2272 omit-

89 2291 213 2328 tendo
252 2289 320 2326 hic
357 2301 442 2326 non
481 2289 766 2339 cogitandum,
800 2289 910 2342 quod
944 2289 1067 2327 etiam
1093 2290 1362 2341 κακοφωνίαὶι
1389 2297 1573 2343 pareret,

88 2345 186 2385 licet
213 2345 255 2384 id
284 2344 381 2382 alias
410 2345 546 2382 omitti
575 2346 671 2382 satis
699 2358 820 2397 saepe
851 2345 1151 2387 monuerimus.
1181 2345 1331 2383 Rmrz.

203 2401 311 2439 Ead.
331 2400 361 2440 l.
389 2399 428 2440 6.
453 2398 764 2454 Καθαγισμιίῖν)
799 2402 896 2440 Vid.
926 2414 1052 2452 supra
1078 2400 1188 2439 dicta
1220 2401 1270 2442 ad
1291 2414 1326 2439 c·
1351 2414 1387 2454 9.
1414 2401 1571 2444 Rmrz.

203 2458 311 2495 Ead.
348 2457 375 2494 l.
398 2468 434 2506 7.
477 2453 832 2509 Νοστιμώτατοιι)
869 2458 992 2498 Cons.
1028 2471 1153 2509 supra
1180 2458 1247 2496 De
1280 2457 1411 2500 Mero.
1436 2458 1570 2497 Cond-

90 2528 127 2554 c.
150 2513 219 2566 59.
249 2514 407 2552 SoLAN.
464 2511 585 2551 Unde
616 2520 750 2564 patet,
781 2515 824 2552 id
857 2514 966 2566 quod
995 2514 1161 2552 omnino
1200 2514 1462 2553 notissimum
1493 2521 1571 2564 est,

90 2571 197 2610 salso
236 2571 461 2608 Ges-nerum
492 2569 720 2608 reddidisse
757 2565 804 2611 τό
841 2567 1167 2623 νοστιμώτατον,
1215 2584 1322 2622 quae
1353 2571 1572 2623 facillime

81 2627 277 2679 fugiunt.
338 2624 515 2663 Correxi
540 2626 702 2677 itaque,
731 2634 924 2665 monente
954 2629 1075 2665 etiam
1104 2627 1270 2665 Belino.
1303 2625 1450 2665 L1-211M.

210 2682 313 2720 Ead.
337 2681 366 2721 l.
393 2682 452 2721 13.
480 2678 890 2735 Μεταστελλώμεθα)
911 2683 1099 2723 Vertitur
1121 2682 1390 2734 deportemus.
1413 2681 1573 2733 Redde,

90 2746 298 2790 petamus.
330 2737 496 2776 Guma

206 2795 312 2833 Ead.
335 2793 368 2835 l.
391 2806 459 2846 27.
477 2791 562 2843 ”529
582 2790 666 2849 ἄρα
687 2793 785 2848 etc.)
807 2797 932 2834 Hom.
946 2795 996 2838 11.
1020 2799 1081 2845 Π,
1102 2797 1198 2835 502.
1219 2800 1262 2833 et
1286 2793 1382 2835 855.
1406 2793 1568 2834 SOLAN·
