<?xml version="1.0" encoding="UTF-8"?>
<!DOCTYPE html PUBLIC "-//W3C//DTD XHTML 1.0 Transitional//EN"
    "http://www.w3.org/TR/xhtml1/DTD/xhtml1-transitional.dtd">
<html xmlns="http://www.w3.org/1999/xhtml" xml:lang="en" lang="en">
 <head>
  <title>
</title>
<meta http-equiv="Content-Type" content="text/html;charset=utf-8" />
  <meta name='ocr-system' content='tesseract 3.04.00' />
  <meta name='ocr-capabilities' content='ocr_page ocr_carea ocr_par ocr_line ocrx_word'/>
</head>
<body>
  <div class='ocr_page' id='page_1' title='image "./operagraecaetlat07luciuoft_0393.png"; bbox 0 0 1819 3198; ppageno 0'>
   <div class='ocr_carea' id='block_1_1' title="bbox 52 322 61 346">
    <p class='ocr_par' dir='ltr' id='par_1_1' title="bbox 52 322 61 346">
     <span class='ocr_line' id='line_1_1' title="bbox 52 322 61 346; baseline 0 0"><span class='ocrx_word' id='word_1_1' title='bbox 52 322 61 346; x_wconf 68' lang='lat' dir='ltr'>t</span> 
     </span>
    </p>
   </div>
   <div class='ocr_carea' id='block_1_2' title="bbox 437 233 1578 279">
    <p class='ocr_par' dir='ltr' id='par_1_2' title="bbox 437 233 1578 279">
     <span class='ocr_line' id='line_1_2' title="bbox 437 233 1578 279; baseline 0.002 -13"><span class='ocrx_word' id='word_1_2' title='bbox 437 238 505 268; x_wconf 67' lang='lat' dir='ltr'>ix</span> <span class='ocrx_word' id='word_1_3' title='bbox 558 235 1210 270; x_wconf 55' lang='lat' dir='ltr'>[cAnofvissixwvaM.</span> <span class='ocrx_word' id='word_1_4' title='bbox 1480 233 1578 279; x_wconf 78' lang='grc'>369</span> 
     </span>
    </p>
   </div>
   <div class='ocr_carea' id='block_1_3' title="bbox 95 334 1578 446">
    <p class='ocr_par' dir='ltr' id='par_1_3' title="bbox 95 334 1578 446">
     <span class='ocr_line' id='line_1_3' title="bbox 99 334 1578 387; baseline 0.004 -10"><span class='ocrx_word' id='word_1_5' title='bbox 99 337 345 382; x_wconf 75' lang='lat' dir='ltr'><strong>inseruerit,</strong></span> <span class='ocrx_word' id='word_1_6' title='bbox 385 338 556 378; x_wconf 74' lang='lat' dir='ltr'>Kasteri</span> <span class='ocrx_word' id='word_1_7' title='bbox 587 336 753 374; x_wconf 84' lang='lat' dir='ltr'>nomine</span> <span class='ocrx_word' id='word_1_8' title='bbox 794 334 956 387; x_wconf 81' lang='lat' dir='ltr'>addito)</span> <span class='ocrx_word' id='word_1_9' title='bbox 997 349 1072 373; x_wconf 84' lang='lat' dir='ltr'>nec</span> <span class='ocrx_word' id='word_1_10' title='bbox 1109 336 1186 374; x_wconf 83' lang='lat' dir='ltr'>alia</span> <span class='ocrx_word' id='word_1_11' title='bbox 1217 337 1267 375; x_wconf 87' lang='lat' dir='ltr'>dc</span> <span class='ocrx_word' id='word_1_12' title='bbox 1298 354 1389 378; x_wconf 85' lang='lat' dir='ltr'>meo</span> <span class='ocrx_word' id='word_1_13' title='bbox 1426 342 1578 384; x_wconf 81' lang='lat' dir='ltr'><strong>addere</strong></span> 
     </span>
     <span class='ocr_line' id='line_1_4' title="bbox 95 391 1574 446; baseline 0.005 -14"><span class='ocrx_word' id='word_1_14' title='bbox 95 396 137 432; x_wconf 87' lang='lat' dir='ltr'>in</span> <span class='ocrx_word' id='word_1_15' title='bbox 169 409 215 433; x_wconf 89' lang='lat' dir='ltr'>re</span> <span class='ocrx_word' id='word_1_16' title='bbox 239 394 349 432; x_wconf 83' lang='lat' dir='ltr'>haud</span> <span class='ocrx_word' id='word_1_17' title='bbox 378 394 511 444; x_wconf 82' lang='lat' dir='ltr'>magni</span> <span class='ocrx_word' id='word_1_18' title='bbox 537 393 761 441; x_wconf 81' lang='lat' dir='ltr'><strong>momenti,</strong></span> <span class='ocrx_word' id='word_1_19' title='bbox 799 398 841 430; x_wconf 89' lang='lat' dir='ltr'>et</span> <span class='ocrx_word' id='word_1_20' title='bbox 868 391 1046 443; x_wconf 72' lang='lat' dir='ltr'>lInguam</span> <span class='ocrx_word' id='word_1_21' title='bbox 1075 407 1159 431; x_wconf 88' lang='lat' dir='ltr'>non</span> <span class='ocrx_word' id='word_1_22' title='bbox 1187 403 1421 446; x_wconf 79' lang='lat' dir='ltr'><strong>spectante,</strong></span> <span class='ocrx_word' id='word_1_23' title='bbox 1462 401 1574 443; x_wconf 79' lang='lat' dir='ltr'>volo.</span> 
     </span>
    </p>
   </div>
   <div class='ocr_carea' id='block_1_4' title="bbox 63 451 249 501">
    <p class='ocr_par' dir='ltr' id='par_1_4' title="bbox 63 451 249 501">
     <span class='ocr_line' id='line_1_5' title="bbox 63 451 249 501; baseline 0.016 -13"><span class='ocrx_word' id='word_1_24' title='bbox 63 498 67 501; x_wconf 13' lang='grc' dir='ltr'>μ</span> <span class='ocrx_word' id='word_1_25' title='bbox 94 451 249 491; x_wconf 76' lang='lat' dir='ltr'>RErrz.</span> 
     </span>
    </p>
   </div>
   <div class='ocr_carea' id='block_1_5' title="bbox 79 500 1574 1568">
    <p class='ocr_par' dir='ltr' id='par_1_5' title="bbox 83 500 1574 1340">
     <span class='ocr_line' id='line_1_6' title="bbox 207 500 1573 560; baseline 0.002 -16"><span class='ocrx_word' id='word_1_26' title='bbox 207 507 315 545; x_wconf 72' lang='lat' dir='ltr'><em>lhicl.</em></span> <span class='ocrx_word' id='word_1_27' title='bbox 344 500 592 557; x_wconf 72' lang='grc' dir='ltr'><em>Ᾱάνθιίροις</em></span> <span class='ocrx_word' id='word_1_28' title='bbox 617 503 770 554; x_wconf 70' lang='grc' dir='ltr'>ἐνίοτε)</span> <span class='ocrx_word' id='word_1_29' title='bbox 808 503 923 542; x_wconf 76' lang='lat' dir='ltr'>Illam</span> <span class='ocrx_word' id='word_1_30' title='bbox 963 504 1014 542; x_wconf 84' lang='lat' dir='ltr'>de</span> <span class='ocrx_word' id='word_1_31' title='bbox 1050 506 1277 555; x_wconf 80' lang='lat' dir='ltr'>scarabaeo,</span> <span class='ocrx_word' id='word_1_32' title='bbox 1306 509 1465 560; x_wconf 80' lang='lat' dir='ltr'>aquilae</span> <span class='ocrx_word' id='word_1_33' title='bbox 1494 526 1573 551; x_wconf 74' lang='lat' dir='ltr'>ova</span> 
     </span>
     <span class='ocr_line' id='line_1_7' title="bbox 95 561 1574 615; baseline 0.003 -14"><span class='ocrx_word' id='word_1_34' title='bbox 95 577 118 600; x_wconf 90' lang='lat' dir='ltr'>e</span> <span class='ocrx_word' id='word_1_35' title='bbox 143 561 252 601; x_wconf 84' lang='lat' dir='ltr'>Jovis</span> <span class='ocrx_word' id='word_1_36' title='bbox 283 563 438 614; x_wconf 86' lang='lat' dir='ltr'>gremio</span> <span class='ocrx_word' id='word_1_37' title='bbox 465 564 722 609; x_wconf 78' lang='lat' dir='ltr'>excutiente,</span> <span class='ocrx_word' id='word_1_38' title='bbox 751 561 940 599; x_wconf 84' lang='lat' dir='ltr'>fabellam</span> <span class='ocrx_word' id='word_1_39' title='bbox 969 562 1079 600; x_wconf 87' lang='lat' dir='ltr'>inter</span> <span class='ocrx_word' id='word_1_40' title='bbox 1107 564 1406 615; x_wconf 83' lang='lat' dir='ltr'>antiquissimas</span> <span class='ocrx_word' id='word_1_41' title='bbox 1434 565 1574 606; x_wconf 86' lang='lat' dir='ltr'>Aeso-</span> 
     </span>
     <span class='ocr_line' id='line_1_8' title="bbox 92 618 1569 673; baseline 0.001 -17"><span class='ocrx_word' id='word_1_42' title='bbox 92 619 287 671; x_wconf 84' lang='lat' dir='ltr'>picasque</span> <span class='ocrx_word' id='word_1_43' title='bbox 316 633 414 656; x_wconf 83' lang='lat' dir='ltr'>vere</span> <span class='ocrx_word' id='word_1_44' title='bbox 443 618 726 665; x_wconf 86' lang='lat' dir='ltr'>referendam,</span> <span class='ocrx_word' id='word_1_45' title='bbox 767 622 877 667; x_wconf 76' lang='lat' dir='ltr'>patet</span> <span class='ocrx_word' id='word_1_46' title='bbox 918 631 972 656; x_wconf 81' lang='lat' dir='ltr'>ex</span> <span class='ocrx_word' id='word_1_47' title='bbox 1013 619 1226 669; x_wconf 73' lang='lat' dir='ltr'>Aristoplz.</span> <span class='ocrx_word' id='word_1_48' title='bbox 1269 622 1438 673; x_wconf 69' lang='lat' dir='ltr'>E1&#39;9.v</span> <span class='ocrx_word' id='word_1_49' title='bbox 1476 627 1569 663; x_wconf 83' lang='lat'><strong>128.</strong></span> 
     </span>
     <span class='ocr_line' id='line_1_9' title="bbox 93 673 1570 731; baseline 0.004 -18"><span class='ocrx_word' id='word_1_50' title='bbox 93 689 202 728; x_wconf 88' lang='lat' dir='ltr'>seqq.</span> <span class='ocrx_word' id='word_1_51' title='bbox 245 676 316 713; x_wconf 89' lang='lat' dir='ltr'>ubi</span> <span class='ocrx_word' id='word_1_52' title='bbox 354 676 564 724; x_wconf 74' lang='lat' dir='ltr'>Tiygaeus</span> <span class='ocrx_word' id='word_1_53' title='bbox 606 688 654 711; x_wconf 85' lang='lat' dir='ltr'>eo</span> <span class='ocrx_word' id='word_1_54' title='bbox 693 680 835 711; x_wconf 84' lang='lat' dir='ltr'>vectus</span> <span class='ocrx_word' id='word_1_55' title='bbox 875 673 1097 716; x_wconf 82' lang='lat' dir='ltr'>inducitur,</span> <span class='ocrx_word' id='word_1_56' title='bbox 1165 676 1232 712; x_wconf 87' lang='lat' dir='ltr'>De</span> <span class='ocrx_word' id='word_1_57' title='bbox 1270 679 1424 716; x_wconf 83' lang='lat' dir='ltr'>carnelo</span> <span class='ocrx_word' id='word_1_58' title='bbox 1457 679 1570 731; x_wconf 84' lang='lat' dir='ltr'>quod</span> 
     </span>
     <span class='ocr_line' id='line_1_10' title="bbox 93 729 1569 783; baseline 0.005 -15"><span class='ocrx_word' id='word_1_59' title='bbox 93 732 342 769; x_wconf 71' lang='lat' dir='ltr'>mentionem</span> <span class='ocrx_word' id='word_1_60' title='bbox 372 731 487 773; x_wconf 84' lang='lat' dir='ltr'>facit,</span> <span class='ocrx_word' id='word_1_61' title='bbox 519 736 582 767; x_wconf 90' lang='lat' dir='ltr'>est</span> <span class='ocrx_word' id='word_1_62' title='bbox 610 730 719 767; x_wconf 83' lang='lat' dir='ltr'>sorte</span> <span class='ocrx_word' id='word_1_63' title='bbox 746 730 834 777; x_wconf 86' lang='lat' dir='ltr'>illa,</span> <span class='ocrx_word' id='word_1_64' title='bbox 872 729 941 767; x_wconf 85' lang='lat' dir='ltr'>ubi</span> <span class='ocrx_word' id='word_1_65' title='bbox 971 743 1125 768; x_wconf 85' lang='lat' dir='ltr'>cornua</span> <span class='ocrx_word' id='word_1_66' title='bbox 1154 730 1232 769; x_wconf 81' lang='lat' dir='ltr'>sibi</span> <span class='ocrx_word' id='word_1_67' title='bbox 1264 735 1420 783; x_wconf 86' lang='lat' dir='ltr'>petenti</span> <span class='ocrx_word' id='word_1_68' title='bbox 1450 749 1569 776; x_wconf 86' lang='lat' dir='ltr'>aures</span> 
     </span>
     <span class='ocr_line' id='line_1_11' title="bbox 91 784 1571 836; baseline 0.004 -12"><span class='ocrx_word' id='word_1_69' title='bbox 91 788 212 831; x_wconf 85' lang='lat' dir='ltr'>etiam</span> <span class='ocrx_word' id='word_1_70' title='bbox 245 787 388 824; x_wconf 82' lang='lat' dir='ltr'>adimit</span> <span class='ocrx_word' id='word_1_71' title='bbox 415 786 591 836; x_wconf 83' lang='lat' dir='ltr'>Jupiter.</span> <span class='ocrx_word' id='word_1_72' title='bbox 625 784 758 826; x_wconf 67' lang='lat' dir='ltr'>ans</span> <span class='ocrx_word' id='word_1_73' title='bbox 817 785 940 836; x_wconf 85' lang='lat' dir='ltr'>Quod</span> <span class='ocrx_word' id='word_1_74' title='bbox 971 786 1066 836; x_wconf 80' lang='lat' dir='ltr'>vulg</span> <span class='ocrx_word' id='word_1_75' title='bbox 1056 794 1174 824; x_wconf 81' lang='lat' dir='ltr'>atam</span> <span class='ocrx_word' id='word_1_76' title='bbox 1205 789 1413 828; x_wconf 86' lang='lat' dir='ltr'>scribendi</span> <span class='ocrx_word' id='word_1_77' title='bbox 1441 792 1571 830; x_wconf 87' lang='lat' dir='ltr'>ratio-</span> 
     </span>
     <span class='ocr_line' id='line_1_12' title="bbox 89 837 1569 894; baseline 0.004 -13"><span class='ocrx_word' id='word_1_78' title='bbox 89 857 184 881; x_wconf 83' lang='lat' dir='ltr'>nem</span> <span class='ocrx_word' id='word_1_79' title='bbox 208 839 340 890; x_wconf 74' lang='grc' dir='ltr'><em>αετοῒς</em></span> <span class='ocrx_word' id='word_1_80' title='bbox 365 843 436 884; x_wconf 74' lang='grc' dir='ltr'>καὶ</span> <span class='ocrx_word' id='word_1_81' title='bbox 455 837 689 894; x_wconf 74' lang='grc' dir='ltr'><em>κανθάροις</em></span> <span class='ocrx_word' id='word_1_82' title='bbox 717 841 857 891; x_wconf 72' lang='grc' dir='ltr'>ἐνίοτε,</span> <span class='ocrx_word' id='word_1_83' title='bbox 888 845 958 883; x_wconf 73' lang='lat' dir='ltr'>ua?</span> <span class='ocrx_word' id='word_1_84' title='bbox 976 840 1191 894; x_wconf 78' lang='grc' dir='ltr'><em>καμήλοις,</em></span> <span class='ocrx_word' id='word_1_85' title='bbox 1219 853 1418 884; x_wconf 79' lang='lat' dir='ltr'>commate</span> <span class='ocrx_word' id='word_1_86' title='bbox 1439 848 1569 888; x_wconf 81' lang='lat' dir='ltr'>modo</span> 
     </span>
     <span class='ocr_line' id='line_1_13' title="bbox 89 894 1569 952; baseline 0.004 -15"><span class='ocrx_word' id='word_1_87' title='bbox 89 900 355 949; x_wconf 85' lang='lat' dir='ltr'>transposito,</span> <span class='ocrx_word' id='word_1_88' title='bbox 385 900 442 936; x_wconf 85' lang='lat' dir='ltr'>sic</span> <span class='ocrx_word' id='word_1_89' title='bbox 469 898 671 948; x_wconf 83' lang='lat' dir='ltr'>refingere</span> <span class='ocrx_word' id='word_1_90' title='bbox 701 898 876 949; x_wconf 76' lang='lat' dir='ltr'>placuit:</span> <span class='ocrx_word' id='word_1_91' title='bbox 905 894 1040 946; x_wconf 71' lang='grc' dir='ltr'><strong><em>οἷετοῖς</em></strong></span> <span class='ocrx_word' id='word_1_92' title='bbox 1065 900 1136 939; x_wconf 83' lang='grc' dir='ltr'>καῖ</span> <span class='ocrx_word' id='word_1_93' title='bbox 1162 898 1409 952; x_wconf 74' lang='grc' dir='ltr'><strong><em>κανθάροις,</em></strong></span> <span class='ocrx_word' id='word_1_94' title='bbox 1438 904 1569 945; x_wconf 72' lang='grc' dir='ltr'>ἐνίοτε</span> 
     </span>
     <span class='ocr_line' id='line_1_14' title="bbox 89 952 1566 1008; baseline 0.002 -13"><span class='ocrx_word' id='word_1_95' title='bbox 89 956 163 996; x_wconf 79' lang='grc' dir='ltr'>καῖ</span> <span class='ocrx_word' id='word_1_96' title='bbox 186 952 408 1007; x_wconf 73' lang='grc' dir='ltr'><em>καμήλοις·</em></span> <span class='ocrx_word' id='word_1_97' title='bbox 449 968 569 992; x_wconf 88' lang='lat' dir='ltr'>nemo</span> <span class='ocrx_word' id='word_1_98' title='bbox 597 955 640 991; x_wconf 84' lang='lat' dir='ltr'>id</span> <span class='ocrx_word' id='word_1_99' title='bbox 670 960 825 992; x_wconf 78' lang='lat' dir='ltr'>temere</span> <span class='ocrx_word' id='word_1_100' title='bbox 856 956 1025 993; x_wconf 85' lang='lat' dir='ltr'>moleste</span> <span class='ocrx_word' id='word_1_101' title='bbox 1059 957 1191 1004; x_wconf 86' lang='lat' dir='ltr'>seret,</span> <span class='ocrx_word' id='word_1_102' title='bbox 1228 957 1297 1008; x_wconf 87' lang='lat' dir='ltr'>qui</span> <span class='ocrx_word' id='word_1_103' title='bbox 1327 960 1566 1006; x_wconf 86' lang='lat' dir='ltr'>contulerit,</span> 
     </span>
     <span class='ocr_line' id='line_1_15' title="bbox 89 1010 1568 1064; baseline 0.002 -15"><span class='ocrx_word' id='word_1_104' title='bbox 89 1026 193 1064; x_wconf 87' lang='lat' dir='ltr'>quae</span> <span class='ocrx_word' id='word_1_105' title='bbox 236 1012 285 1049; x_wconf 85' lang='lat' dir='ltr'>ad</span> <span class='ocrx_word' id='word_1_106' title='bbox 317 1010 494 1051; x_wconf 82' lang='lat' dir='ltr'>Charon.</span> <span class='ocrx_word' id='word_1_107' title='bbox 525 1024 560 1049; x_wconf 81' lang='lat' dir='ltr'>c,</span> <span class='ocrx_word' id='word_1_108' title='bbox 594 1012 652 1050; x_wconf 83' lang='grc'>15.</span> <span class='ocrx_word' id='word_1_109' title='bbox 694 1012 833 1048; x_wconf 89' lang='lat' dir='ltr'>monui</span> <span class='ocrx_word' id='word_1_110' title='bbox 865 1012 983 1050; x_wconf 87' lang='lat' dir='ltr'>Tom.</span> <span class='ocrx_word' id='word_1_111' title='bbox 1014 1011 1089 1050; x_wconf 92' lang='lat' dir='ltr'><strong>III.</strong></span> <span class='ocrx_word' id='word_1_112' title='bbox 1118 1026 1158 1063; x_wconf 89' lang='lat' dir='ltr'>p.</span> <span class='ocrx_word' id='word_1_113' title='bbox 1189 1015 1286 1051; x_wconf 61' lang='lat'>4151.</span> <span class='ocrx_word' id='word_1_114' title='bbox 1349 1014 1448 1052; x_wconf 88' lang='lat' dir='ltr'><strong>Vult</strong></span> <span class='ocrx_word' id='word_1_115' title='bbox 1475 1014 1568 1055; x_wconf 89' lang='lat' dir='ltr'>Ica-</span> 
     </span>
     <span class='ocr_line' id='line_1_16' title="bbox 86 1067 1565 1120; baseline 0.003 -14"><span class='ocrx_word' id='word_1_116' title='bbox 86 1068 356 1119; x_wconf 86' lang='lat' dir='ltr'>romenippus</span> <span class='ocrx_word' id='word_1_117' title='bbox 373 1073 535 1105; x_wconf 88' lang='lat' dir='ltr'>noster:</span> <span class='ocrx_word' id='word_1_118' title='bbox 559 1068 717 1118; x_wconf 73' lang='lat' dir='ltr'>aquilis</span> <span class='ocrx_word' id='word_1_119' title='bbox 740 1075 779 1104; x_wconf 83' lang='lat' dir='ltr'>et</span> <span class='ocrx_word' id='word_1_120' title='bbox 796 1068 1047 1115; x_wconf 79' lang='lat' dir='ltr'>scarabaeis,</span> <span class='ocrx_word' id='word_1_121' title='bbox 1073 1076 1124 1112; x_wconf 83' lang='lat' dir='ltr'>et,</span> <span class='ocrx_word' id='word_1_122' title='bbox 1142 1067 1271 1119; x_wconf 74' lang='lat' dir='ltr'>(quod</span> <span class='ocrx_word' id='word_1_123' title='bbox 1292 1072 1414 1120; x_wconf 81' lang='lat' dir='ltr'>magis</span> <span class='ocrx_word' id='word_1_124' title='bbox 1439 1073 1565 1113; x_wconf 89' lang='lat' dir='ltr'>etiam</span> 
     </span>
     <span class='ocr_line' id='line_1_17' title="bbox 88 1123 1567 1174; baseline 0.003 -12"><span class='ocrx_word' id='word_1_125' title='bbox 88 1125 271 1172; x_wconf 87' lang='lat' dir='ltr'>mireris)</span> <span class='ocrx_word' id='word_1_126' title='bbox 301 1137 602 1174; x_wconf 80' lang='lat' dir='ltr'>nonnunquam</span> <span class='ocrx_word' id='word_1_127' title='bbox 637 1125 766 1160; x_wconf 78' lang='lat' dir='ltr'>etiam</span> <span class='ocrx_word' id='word_1_128' title='bbox 795 1125 977 1163; x_wconf 76' lang='lat' dir='ltr'>camelis,</span> <span class='ocrx_word' id='word_1_129' title='bbox 1034 1123 1093 1161; x_wconf 87' lang='lat' dir='ltr'>Et</span> <span class='ocrx_word' id='word_1_130' title='bbox 1128 1125 1186 1161; x_wconf 88' lang='lat' dir='ltr'>sic</span> <span class='ocrx_word' id='word_1_131' title='bbox 1225 1124 1316 1162; x_wconf 85' lang='lat' dir='ltr'>sere</span> <span class='ocrx_word' id='word_1_132' title='bbox 1345 1133 1567 1167; x_wconf 86' lang='lat' dir='ltr'>verterunt</span> 
     </span>
     <span class='ocr_line' id='line_1_18' title="bbox 84 1178 1566 1231; baseline 0.002 -13"><span class='ocrx_word' id='word_1_133' title='bbox 84 1181 262 1218; x_wconf 76' lang='lat' dir='ltr'>Belinzts</span> <span class='ocrx_word' id='word_1_134' title='bbox 292 1187 331 1217; x_wconf 88' lang='lat' dir='ltr'>et</span> <span class='ocrx_word' id='word_1_135' title='bbox 364 1178 661 1226; x_wconf 62' lang='lat' dir='ltr'>PVz‘elanclz&#39;uS‚</span> <span class='ocrx_word' id='word_1_136' title='bbox 698 1179 786 1216; x_wconf 85' lang='lat' dir='ltr'>sive</span> <span class='ocrx_word' id='word_1_137' title='bbox 824 1193 945 1216; x_wconf 84' lang='lat' dir='ltr'>sensu</span> <span class='ocrx_word' id='word_1_138' title='bbox 983 1180 1159 1231; x_wconf 86' lang='lat' dir='ltr'>quodam</span> <span class='ocrx_word' id='word_1_139' title='bbox 1198 1194 1273 1219; x_wconf 90' lang='lat' dir='ltr'>suo</span> <span class='ocrx_word' id='word_1_140' title='bbox 1303 1181 1438 1231; x_wconf 88' lang='lat' dir='ltr'>ducti,</span> <span class='ocrx_word' id='word_1_141' title='bbox 1475 1185 1566 1224; x_wconf 81' lang='lat' dir='ltr'>sive</span> 
     </span>
     <span class='ocr_line' id='line_1_19' title="bbox 83 1235 1566 1287; baseline 0.004 -14"><span class='ocrx_word' id='word_1_142' title='bbox 83 1236 255 1273; x_wconf 73' lang='lat' dir='ltr'>Erasini</span> <span class='ocrx_word' id='word_1_143' title='bbox 278 1235 684 1286; x_wconf 80' lang='lat' dir='ltr'>interpretationem,</span> <span class='ocrx_word' id='word_1_144' title='bbox 715 1248 818 1287; x_wconf 88' lang='lat' dir='ltr'>quae</span> <span class='ocrx_word' id='word_1_145' title='bbox 846 1242 887 1272; x_wconf 89' lang='lat' dir='ltr'>et</span> <span class='ocrx_word' id='word_1_146' title='bbox 911 1236 999 1287; x_wconf 88' lang='lat' dir='ltr'>ipsa</span> <span class='ocrx_word' id='word_1_147' title='bbox 1026 1249 1166 1274; x_wconf 88' lang='lat' dir='ltr'>veram</span> <span class='ocrx_word' id='word_1_148' title='bbox 1191 1239 1435 1277; x_wconf 84' lang='lat' dir='ltr'>sententiam</span> <span class='ocrx_word' id='word_1_149' title='bbox 1463 1240 1566 1279; x_wconf 86' lang='lat' dir='ltr'>red-</span> 
     </span>
     <span class='ocr_line' id='line_1_20' title="bbox 84 1290 606 1340; baseline -0.004 -11"><span class='ocrx_word' id='word_1_150' title='bbox 84 1290 257 1340; x_wconf 86' lang='lat' dir='ltr'>diderat,</span> <span class='ocrx_word' id='word_1_151' title='bbox 286 1292 430 1332; x_wconf 85' lang='lat' dir='ltr'>secuti.</span> <span class='ocrx_word' id='word_1_152' title='bbox 463 1290 606 1327; x_wconf 60' lang='lat' dir='ltr'>Lean.</span> 
     </span>
    </p>

    <p class='ocr_par' dir='ltr' id='par_1_6' title="bbox 79 1343 1564 1568">
     <span class='ocr_line' id='line_1_21' title="bbox 195 1343 1564 1402; baseline 0.005 -17"><span class='ocrx_word' id='word_1_153' title='bbox 195 1349 308 1400; x_wconf 81' lang='lat' dir='ltr'>Pag.</span> <span class='ocrx_word' id='word_1_154' title='bbox 341 1349 405 1385; x_wconf 78' lang='lat'>15.</span> <span class='ocrx_word' id='word_1_155' title='bbox 433 1343 459 1384; x_wconf 92' lang='lat' dir='ltr'>l.</span> <span class='ocrx_word' id='word_1_156' title='bbox 494 1358 555 1388; x_wconf 87' lang='lat'>10.</span> <span class='ocrx_word' id='word_1_157' title='bbox 586 1343 847 1402; x_wconf 75' lang='grc' dir='ltr'>’Τπηρεταῗν)</span> <span class='ocrx_word' id='word_1_158' title='bbox 873 1347 965 1386; x_wconf 80' lang='lat' dir='ltr'>Etsi</span> <span class='ocrx_word' id='word_1_159' title='bbox 992 1347 1156 1399; x_wconf 84' lang='lat' dir='ltr'>vulgata</span> <span class='ocrx_word' id='word_1_160' title='bbox 1185 1349 1426 1399; x_wconf 84' lang='lat' dir='ltr'>tolerabilis,</span> <span class='ocrx_word' id='word_1_161' title='bbox 1451 1357 1564 1392; x_wconf 86' lang='lat' dir='ltr'>tanta.</span> 
     </span>
     <span class='ocr_line' id='line_1_22' title="bbox 81 1403 1564 1456; baseline 0.004 -14"><span class='ocrx_word' id='word_1_162' title='bbox 81 1410 217 1442; x_wconf 84' lang='lat' dir='ltr'>tamen</span> <span class='ocrx_word' id='word_1_163' title='bbox 244 1404 332 1442; x_wconf 85' lang='lat' dir='ltr'>veri</span> <span class='ocrx_word' id='word_1_164' title='bbox 361 1403 496 1454; x_wconf 88' lang='lat' dir='ltr'>specie</span> <span class='ocrx_word' id='word_1_165' title='bbox 526 1416 568 1439; x_wconf 91' lang='lat' dir='ltr'>se</span> <span class='ocrx_word' id='word_1_166' title='bbox 593 1403 695 1441; x_wconf 82' lang='lat' dir='ltr'>mihi</span> <span class='ocrx_word' id='word_1_167' title='bbox 721 1404 984 1442; x_wconf 81' lang='lat' dir='ltr'>commendat</span> <span class='ocrx_word' id='word_1_168' title='bbox 1012 1405 1248 1456; x_wconf 86' lang='lat' dir='ltr'>conjectura</span> <span class='ocrx_word' id='word_1_169' title='bbox 1267 1408 1436 1452; x_wconf 56' lang='lat' dir='ltr'>Pelleta}</span> <span class='ocrx_word' id='word_1_170' title='bbox 1463 1406 1564 1449; x_wconf 70' lang='grc' dir='ltr'>ὕπε-</span> 
     </span>
     <span class='ocr_line' id='line_1_23' title="bbox 81 1459 1564 1512; baseline 0.001 -12"><span class='ocrx_word' id='word_1_171' title='bbox 81 1460 240 1512; x_wconf 78' lang='grc' dir='ltr'><em>ρὲττων</em></span> <span class='ocrx_word' id='word_1_172' title='bbox 267 1460 478 1510; x_wconf 74' lang='lat' dir='ltr'>subremig</span> <span class='ocrx_word' id='word_1_173' title='bbox 454 1473 558 1496; x_wconf 58' lang='lat' dir='ltr'>trans*</span> <span class='ocrx_word' id='word_1_174' title='bbox 588 1459 835 1508; x_wconf 79' lang='lat' dir='ltr'>exhibentis,</span> <span class='ocrx_word' id='word_1_175' title='bbox 865 1467 911 1498; x_wconf 89' lang='lat' dir='ltr'>ut</span> <span class='ocrx_word' id='word_1_176' title='bbox 943 1460 1102 1498; x_wconf 91' lang='lat' dir='ltr'>doleam</span> <span class='ocrx_word' id='word_1_177' title='bbox 1130 1476 1151 1499; x_wconf 89' lang='lat' dir='ltr'>a</span> <span class='ocrx_word' id='word_1_178' title='bbox 1187 1461 1314 1500; x_wconf 88' lang='lat' dir='ltr'>Codd.</span> <span class='ocrx_word' id='word_1_179' title='bbox 1343 1476 1426 1500; x_wconf 89' lang='lat' dir='ltr'>non</span> <span class='ocrx_word' id='word_1_180' title='bbox 1458 1478 1564 1502; x_wconf 89' lang='lat' dir='ltr'>con-</span> 
     </span>
     <span class='ocr_line' id='line_1_24' title="bbox 79 1514 1563 1568; baseline 0.002 -14"><span class='ocrx_word' id='word_1_181' title='bbox 79 1516 250 1557; x_wconf 85' lang='lat' dir='ltr'>firmari.</span> <span class='ocrx_word' id='word_1_182' title='bbox 308 1516 414 1554; x_wconf 88' lang='lat' dir='ltr'>Nam</span> <span class='ocrx_word' id='word_1_183' title='bbox 442 1514 547 1552; x_wconf 86' lang='lat' dir='ltr'>nihil</span> <span class='ocrx_word' id='word_1_184' title='bbox 573 1514 640 1552; x_wconf 87' lang='lat' dir='ltr'>hic</span> <span class='ocrx_word' id='word_1_185' title='bbox 671 1516 828 1567; x_wconf 84' lang='lat' dir='ltr'>aptius,</span> <span class='ocrx_word' id='word_1_186' title='bbox 861 1530 978 1568; x_wconf 85' lang='lat' dir='ltr'>quam</span> <span class='ocrx_word' id='word_1_187' title='bbox 1010 1518 1232 1568; x_wconf 75' lang='lat' dir='ltr'>remigium</span> <span class='ocrx_word' id='word_1_188' title='bbox 1259 1531 1469 1568; x_wconf 86' lang='lat' dir='ltr'>manuum,</span> <span class='ocrx_word' id='word_1_189' title='bbox 1496 1520 1563 1559; x_wconf 86' lang='lat' dir='ltr'>uti</span> 
     </span>
    </p>
   </div>
   <div class='ocr_carea' id='block_1_6' title="bbox 30 1571 1560 1624">
    <p class='ocr_par' dir='ltr' id='par_1_7' title="bbox 30 1571 1560 1624">
     <span class='ocr_line' id='line_1_25' title="bbox 30 1571 1560 1624; baseline 0.003 -15"><span class='ocrx_word' id='word_1_190' title='bbox 30 1575 31 1578; x_wconf 73' lang='grc'>’</span> <span class='ocrx_word' id='word_1_191' title='bbox 79 1575 302 1624; x_wconf 78' lang='lat' dir='ltr'>remigium</span> <span class='ocrx_word' id='word_1_192' title='bbox 329 1573 509 1610; x_wconf 76' lang='lat' dir='ltr'>alaram.</span> <span class='ocrx_word' id='word_1_193' title='bbox 560 1571 641 1608; x_wconf 91' lang='lat' dir='ltr'>Sed</span> <span class='ocrx_word' id='word_1_194' title='bbox 670 1585 752 1609; x_wconf 84' lang='lat' dir='ltr'>non</span> <span class='ocrx_word' id='word_1_195' title='bbox 782 1572 923 1610; x_wconf 86' lang='lat' dir='ltr'>laboro</span> <span class='ocrx_word' id='word_1_196' title='bbox 949 1572 1129 1610; x_wconf 85' lang='lat' dir='ltr'>novandi</span> <span class='ocrx_word' id='word_1_197' title='bbox 1158 1574 1384 1624; x_wconf 74' lang='lat' dir='ltr'>prurigine.</span> <span class='ocrx_word' id='word_1_198' title='bbox 1408 1575 1560 1616; x_wconf 77' lang='lat' dir='ltr'>Rm&#39;rz.</span> 
     </span>
    </p>
   </div>
   <div class='ocr_carea' id='block_1_7' title="bbox 70 1626 1564 2802">
    <p class='ocr_par' dir='ltr' id='par_1_8' title="bbox 78 1626 1564 1733">
     <span class='ocr_line' id='line_1_26' title="bbox 78 1626 1564 1683; baseline 0.004 -17"><span class='ocrx_word' id='word_1_199' title='bbox 78 1629 250 1679; x_wconf 85' lang='lat' dir='ltr'>Dignus,</span> <span class='ocrx_word' id='word_1_200' title='bbox 282 1628 351 1680; x_wconf 87' lang='lat' dir='ltr'>qui</span> <span class='ocrx_word' id='word_1_201' title='bbox 383 1640 474 1664; x_wconf 89' lang='lat' dir='ltr'>cum</span> <span class='ocrx_word' id='word_1_202' title='bbox 504 1633 592 1664; x_wconf 86' lang='lat' dir='ltr'>toto</span> <span class='ocrx_word' id='word_1_203' title='bbox 622 1626 701 1665; x_wconf 88' lang='lat' dir='ltr'>hoc</span> <span class='ocrx_word' id='word_1_204' title='bbox 729 1627 822 1666; x_wconf 90' lang='lat' dir='ltr'>loco</span> <span class='ocrx_word' id='word_1_205' title='bbox 846 1629 1094 1677; x_wconf 82' lang='lat' dir='ltr'>conseratur,</span> <span class='ocrx_word' id='word_1_206' title='bbox 1124 1635 1186 1667; x_wconf 87' lang='lat' dir='ltr'>est</span> <span class='ocrx_word' id='word_1_207' title='bbox 1213 1630 1284 1669; x_wconf 89' lang='lat' dir='ltr'>ille</span> <span class='ocrx_word' id='word_1_208' title='bbox 1302 1630 1564 1683; x_wconf 75' lang='lat' dir='ltr'>Xenophon-</span> 
     </span>
     <span class='ocr_line' id='line_1_27' title="bbox 79 1683 661 1733; baseline -0.003 -11"><span class='ocrx_word' id='word_1_209' title='bbox 79 1686 135 1722; x_wconf 74' lang='lat' dir='ltr'>tis</span> <span class='ocrx_word' id='word_1_210' title='bbox 163 1685 296 1724; x_wconf 88' lang='lat' dir='ltr'>Anab.</span> <span class='ocrx_word' id='word_1_211' title='bbox 322 1685 355 1733; x_wconf 85' lang='lat'>1,</span> <span class='ocrx_word' id='word_1_212' title='bbox 382 1685 422 1731; x_wconf 90' lang='lat'>5,</span> <span class='ocrx_word' id='word_1_213' title='bbox 456 1683 491 1720; x_wconf 78' lang='lat'>3.</span> <span class='ocrx_word' id='word_1_214' title='bbox 517 1684 661 1721; x_wconf 74' lang='lat' dir='ltr'>LanM.</span> 
     </span>
    </p>

    <p class='ocr_par' dir='ltr' id='par_1_9' title="bbox 73 1737 1561 1834">
     <span class='ocr_line' id='line_1_28' title="bbox 189 1737 1561 1792; baseline 0.001 -15"><span class='ocrx_word' id='word_1_215' title='bbox 189 1741 300 1781; x_wconf 84' lang='lat' dir='ltr'>Eacl.</span> <span class='ocrx_word' id='word_1_216' title='bbox 339 1740 368 1779; x_wconf 89' lang='grc'><strong>1.</strong></span> <span class='ocrx_word' id='word_1_217' title='bbox 405 1753 468 1779; x_wconf 87' lang='grc'><strong>11.</strong></span> <span class='ocrx_word' id='word_1_218' title='bbox 507 1737 814 1792; x_wconf 74' lang='grc' dir='ltr'><em>Χαμαιπετῶς)</em></span> <span class='ocrx_word' id='word_1_219' title='bbox 853 1740 952 1780; x_wconf 89' lang='lat' dir='ltr'>Vid.</span> <span class='ocrx_word' id='word_1_220' title='bbox 983 1753 1107 1792; x_wconf 87' lang='lat' dir='ltr'>supra</span> <span class='ocrx_word' id='word_1_221' title='bbox 1142 1741 1334 1787; x_wconf 86' lang='lat' dir='ltr'>Hermot.</span> <span class='ocrx_word' id='word_1_222' title='bbox 1374 1756 1409 1780; x_wconf 89' lang='lat' dir='ltr'>c.</span> <span class='ocrx_word' id='word_1_223' title='bbox 1438 1744 1478 1787; x_wconf 87' lang='grc'><strong><em>5</em></strong></span> <span class='ocrx_word' id='word_1_224' title='bbox 1509 1743 1561 1787; x_wconf 91' lang='grc' dir='ltr'><strong>Α</strong></span> 
     </span>
     <span class='ocr_line' id='line_1_29' title="bbox 73 1797 229 1834; baseline -0.014 0"><span class='ocrx_word' id='word_1_225' title='bbox 73 1797 229 1834; x_wconf 66' lang='lat' dir='ltr'>SoLAN.</span> 
     </span>
    </p>

    <p class='ocr_par' dir='ltr' id='par_1_10' title="bbox 71 1847 1562 2464">
     <span class='ocr_line' id='line_1_30' title="bbox 189 1847 1562 1917; baseline 0.005 -28"><span class='ocrx_word' id='word_1_226' title='bbox 189 1851 355 1894; x_wconf 80' lang='lat' dir='ltr'>L&#39;acl.l.</span> <span class='ocrx_word' id='word_1_227' title='bbox 388 1851 451 1892; x_wconf 92' lang='grc'><strong>15.</strong></span> <span class='ocrx_word' id='word_1_228' title='bbox 484 1847 806 1917; x_wconf 62' lang='grc' dir='ltr'>Κατεετττόμην)ἰ</span> <span class='ocrx_word' id='word_1_229' title='bbox 818 1851 897 1891; x_wconf 83' lang='lat' dir='ltr'>Ed.</span> <span class='ocrx_word' id='word_1_230' title='bbox 939 1852 1070 1892; x_wconf 81' lang='lat' dir='ltr'>Basil.</span> <span class='ocrx_word' id='word_1_231' title='bbox 1106 1847 1395 1904; x_wconf 75' lang='grc' dir='ltr'>κατεπτώμην.</span> <span class='ocrx_word' id='word_1_232' title='bbox 1441 1852 1562 1896; x_wconf 84' lang='lat' dir='ltr'>Infra</span> 
     </span>
     <span class='ocr_line' id='line_1_31' title="bbox 74 1905 1560 1974; baseline 0.003 -27"><span class='ocrx_word' id='word_1_233' title='bbox 74 1907 183 1960; x_wconf 86' lang='lat' dir='ltr'>(cap.</span> <span class='ocrx_word' id='word_1_234' title='bbox 226 1909 288 1948; x_wconf 87' lang='lat'>13.</span> <span class='ocrx_word' id='word_1_235' title='bbox 327 1921 432 1947; x_wconf 86' lang='lat' dir='ltr'>vers.</span> <span class='ocrx_word' id='word_1_236' title='bbox 471 1908 562 1958; x_wconf 87' lang='lat' dir='ltr'>fin.)</span> <span class='ocrx_word' id='word_1_237' title='bbox 603 1925 893 1974; x_wconf 73' lang='grc' dir='ltr'><em>καταπτωμαι</em></span> <span class='ocrx_word' id='word_1_238' title='bbox 953 1910 1006 1946; x_wconf 88' lang='lat' dir='ltr'>Et</span> <span class='ocrx_word' id='word_1_239' title='bbox 1047 1905 1560 1974; x_wconf 73' lang='grc' dir='ltr'><strong>ο.19.1“-α’νεπτω’μην.</strong></span> 
     </span>
     <span class='ocr_line' id='line_1_32' title="bbox 73 1960 1560 2029; baseline 0.002 -27"><span class='ocrx_word' id='word_1_240' title='bbox 73 1965 157 2002; x_wconf 72' lang='lat' dir='ltr'>Sed</span> <span class='ocrx_word' id='word_1_241' title='bbox 184 1963 398 2016; x_wconf 85' lang='lat' dir='ltr'>legendum</span> <span class='ocrx_word' id='word_1_242' title='bbox 430 1964 598 2002; x_wconf 88' lang='lat' dir='ltr'>videtur</span> <span class='ocrx_word' id='word_1_243' title='bbox 622 1960 906 2029; x_wconf 81' lang='grc' dir='ltr'><em>κατεπτόμην</em></span> <span class='ocrx_word' id='word_1_244' title='bbox 912 1978 932 2002; x_wconf 91' lang='lat' dir='ltr'>a</span> <span class='ocrx_word' id='word_1_245' title='bbox 959 1981 1240 2017; x_wconf 69' lang='grc' dir='ltr'><em>καταπτομαι,</em></span> <span class='ocrx_word' id='word_1_246' title='bbox 1272 1973 1311 2004; x_wconf 87' lang='lat' dir='ltr'>et</span> <span class='ocrx_word' id='word_1_247' title='bbox 1330 1967 1440 2005; x_wconf 85' lang='lat' dir='ltr'>infra</span> <span class='ocrx_word' id='word_1_248' title='bbox 1461 1965 1560 2009; x_wconf 79' lang='grc' dir='ltr'><em>α’νε-</em></span> 
     </span>
     <span class='ocr_line' id='line_1_33' title="bbox 73 2017 1558 2074; baseline 0 -13"><span class='ocrx_word' id='word_1_249' title='bbox 73 2017 234 2074; x_wconf 87' lang='grc' dir='ltr'><em>πτόμην</em></span> <span class='ocrx_word' id='word_1_250' title='bbox 275 2022 324 2058; x_wconf 84' lang='lat' dir='ltr'>ab</span> <span class='ocrx_word' id='word_1_251' title='bbox 362 2017 630 2071; x_wconf 78' lang='grc' dir='ltr'><em>οἷνάπτοααι,</em></span> <span class='ocrx_word' id='word_1_252' title='bbox 679 2021 789 2059; x_wconf 84' lang='lat' dir='ltr'>unde</span> <span class='ocrx_word' id='word_1_253' title='bbox 826 2017 1057 2062; x_wconf 80' lang='grc' dir='ltr'><em>ανάπτοιτο</em></span> <span class='ocrx_word' id='word_1_254' title='bbox 1099 2021 1208 2073; x_wconf 79' lang='lat' dir='ltr'>apud</span> <span class='ocrx_word' id='word_1_255' title='bbox 1238 2023 1355 2063; x_wconf 86' lang='lat' dir='ltr'>Plat.</span> <span class='ocrx_word' id='word_1_256' title='bbox 1392 2023 1558 2073; x_wconf 84' lang='lat' dir='ltr'>legitur.</span> 
     </span>
     <span class='ocr_line' id='line_1_34' title="bbox 76 2073 1560 2143; baseline -0.003 -25"><span class='ocrx_word' id='word_1_257' title='bbox 76 2076 283 2143; x_wconf 74' lang='grc' dir='ltr'><em>Πὲτομαι,</em></span> <span class='ocrx_word' id='word_1_258' title='bbox 312 2073 486 2128; x_wconf 83' lang='grc' dir='ltr'><em>πτόμαι,</em></span> <span class='ocrx_word' id='word_1_259' title='bbox 514 2073 772 2128; x_wconf 68' lang='grc' dir='ltr'>ἀνάπτομαι,</span> <span class='ocrx_word' id='word_1_260' title='bbox 805 2075 1070 2129; x_wconf 76' lang='grc' dir='ltr'><em>κατάπτομαι</em></span> <span class='ocrx_word' id='word_1_261' title='bbox 1095 2084 1172 2115; x_wconf 87' lang='lat' dir='ltr'>etc.</span> <span class='ocrx_word' id='word_1_262' title='bbox 1207 2077 1374 2115; x_wconf 80' lang='lat' dir='ltr'><strong>GUYET.</strong></span> <span class='ocrx_word' id='word_1_263' title='bbox 1421 2084 1560 2121; x_wconf 63' lang='grc' dir='ltr'><em>Κατε-</em></span> 
     </span>
     <span class='ocr_line' id='line_1_35' title="bbox 74 2128 1555 2185; baseline 0.001 -12"><span class='ocrx_word' id='word_1_264' title='bbox 74 2128 260 2184; x_wconf 85' lang='grc' dir='ltr'>πτόμην)</span> <span class='ocrx_word' id='word_1_265' title='bbox 291 2133 370 2170; x_wconf 87' lang='lat' dir='ltr'>Sed</span> <span class='ocrx_word' id='word_1_266' title='bbox 403 2139 443 2170; x_wconf 87' lang='lat' dir='ltr'>et</span> <span class='ocrx_word' id='word_1_267' title='bbox 474 2148 758 2184; x_wconf 79' lang='grc' dir='ltr'>κατεπτωμην.</span> <span class='ocrx_word' id='word_1_268' title='bbox 816 2132 908 2172; x_wconf 76' lang='lat' dir='ltr'>vid.</span> <span class='ocrx_word' id='word_1_269' title='bbox 937 2148 1039 2185; x_wconf 86' lang='lat' dir='ltr'>quae</span> <span class='ocrx_word' id='word_1_270' title='bbox 1066 2139 1167 2171; x_wconf 88' lang='lat' dir='ltr'>noto</span> <span class='ocrx_word' id='word_1_271' title='bbox 1197 2131 1250 2171; x_wconf 86' lang='lat' dir='ltr'>ad</span> <span class='ocrx_word' id='word_1_272' title='bbox 1279 2147 1314 2171; x_wconf 90' lang='lat' dir='ltr'>e.</span> <span class='ocrx_word' id='word_1_273' title='bbox 1349 2132 1412 2175; x_wconf 85' lang='grc'>15</span> <span class='ocrx_word' id='word_1_274' title='bbox 1470 2136 1555 2174; x_wconf 88' lang='lat' dir='ltr'>Hic</span> 
     </span>
     <span class='ocr_line' id='line_1_36' title="bbox 74 2189 1555 2241; baseline 0.002 -15"><span class='ocrx_word' id='word_1_275' title='bbox 74 2190 238 2227; x_wconf 89' lang='lat' dir='ltr'>servavi</span> <span class='ocrx_word' id='word_1_276' title='bbox 268 2189 499 2239; x_wconf 82' lang='lat' dir='ltr'>vulgatum,</span> <span class='ocrx_word' id='word_1_277' title='bbox 531 2195 573 2226; x_wconf 87' lang='lat' dir='ltr'>et</span> <span class='ocrx_word' id='word_1_278' title='bbox 598 2190 708 2236; x_wconf 87' lang='lat' dir='ltr'>illic,</span> <span class='ocrx_word' id='word_1_279' title='bbox 733 2190 812 2227; x_wconf 90' lang='lat' dir='ltr'>etsi</span> <span class='ocrx_word' id='word_1_280' title='bbox 843 2190 1004 2227; x_wconf 82' lang='lat' dir='ltr'>diverse</span> <span class='ocrx_word' id='word_1_281' title='bbox 1029 2190 1253 2241; x_wconf 88' lang='lat' dir='ltr'>scriptum;</span> <span class='ocrx_word' id='word_1_282' title='bbox 1281 2190 1374 2241; x_wconf 86' lang='lat' dir='ltr'>quia</span> <span class='ocrx_word' id='word_1_283' title='bbox 1403 2192 1555 2240; x_wconf 86' lang='lat' dir='ltr'>nescio,</span> 
     </span>
     <span class='ocr_line' id='line_1_37' title="bbox 75 2218 1554 2297; baseline 0.002 -15"><span class='ocrx_word' id='word_1_284' title='bbox 75 2244 175 2297; x_wconf 86' lang='lat' dir='ltr'>quid</span> <span class='ocrx_word' id='word_1_285' title='bbox 224 2246 444 2282; x_wconf 75' lang='lat' dir='ltr'>Lacianus</span> <span class='ocrx_word' id='word_1_286' title='bbox 479 2218 746 2296; x_wconf 80' lang='lat' dir='ltr'>praetulerit,</span> <span class='ocrx_word' id='word_1_287' title='bbox 789 2258 839 2282; x_wconf 85' lang='lat' dir='ltr'>an</span> <span class='ocrx_word' id='word_1_288' title='bbox 882 2252 1103 2296; x_wconf 86' lang='lat' dir='ltr'>utrumque</span> <span class='ocrx_word' id='word_1_289' title='bbox 1140 2247 1360 2296; x_wconf 82' lang='lat' dir='ltr'>usurparit.</span> <span class='ocrx_word' id='word_1_290' title='bbox 1399 2246 1554 2286; x_wconf 74' lang='lat' dir='ltr'>Rm‘rz.</span> 
     </span>
     <span class='ocr_line' id='line_1_38' title="bbox 76 2299 1558 2348; baseline 0.003 -10"><span class='ocrx_word' id='word_1_291' title='bbox 76 2300 256 2339; x_wconf 91' lang='lat' dir='ltr'>Consule</span> <span class='ocrx_word' id='word_1_292' title='bbox 287 2301 511 2338; x_wconf 66' lang='lat' dir='ltr'>Graevc&#39;am</span> <span class='ocrx_word' id='word_1_293' title='bbox 551 2301 600 2338; x_wconf 86' lang='lat' dir='ltr'>ad</span> <span class='ocrx_word' id='word_1_294' title='bbox 639 2301 854 2340; x_wconf 89' lang='lat' dir='ltr'>Soloecist.</span> <span class='ocrx_word' id='word_1_295' title='bbox 883 2315 919 2340; x_wconf 89' lang='lat' dir='ltr'>c.</span> <span class='ocrx_word' id='word_1_296' title='bbox 952 2303 991 2341; x_wconf 86' lang='lat'>8.</span> <span class='ocrx_word' id='word_1_297' title='bbox 1021 2303 1159 2340; x_wconf 66' lang='lat' dir='ltr'>Sat-av.</span> <span class='ocrx_word' id='word_1_298' title='bbox 1187 2299 1321 2341; x_wconf 82' lang='lat' dir='ltr'>Lectt.</span> <span class='ocrx_word' id='word_1_299' title='bbox 1349 2302 1558 2348; x_wconf 81' lang='lat' dir='ltr'>Luciann.&#39;</span> 
     </span>
     <span class='ocr_line' id='line_1_39' title="bbox 71 2354 1553 2413; baseline 0.003 -19"><span class='ocrx_word' id='word_1_300' title='bbox 71 2357 118 2395; x_wconf 86' lang='lat' dir='ltr'>in</span> <span class='ocrx_word' id='word_1_301' title='bbox 144 2357 443 2395; x_wconf 70' lang='lat' dir='ltr'>Friedemanni</span> <span class='ocrx_word' id='word_1_302' title='bbox 466 2362 507 2394; x_wconf 85' lang='lat' dir='ltr'>et</span> <span class='ocrx_word' id='word_1_303' title='bbox 534 2357 725 2394; x_wconf 64' lang='lat' dir='ltr'>Seehoclia&#39;</span> <span class='ocrx_word' id='word_1_304' title='bbox 753 2357 928 2398; x_wconf 88' lang='lat' dir='ltr'>Miscell</span> <span class='ocrx_word' id='word_1_305' title='bbox 961 2357 1066 2397; x_wconf 84' lang='lat' dir='ltr'>Crit.</span> <span class='ocrx_word' id='word_1_306' title='bbox 1093 2354 1484 2398; x_wconf 79' lang='lat' dir='ltr'>V01.11.Part.11.</span> <span class='ocrx_word' id='word_1_307' title='bbox 1511 2373 1553 2413; x_wconf 85' lang='lat' dir='ltr'>p.</span> 
     </span>
     <span class='ocr_line' id='line_1_40' title="bbox 71 2412 1200 2464; baseline -0.004 -12"><span class='ocrx_word' id='word_1_308' title='bbox 71 2413 172 2455; x_wconf 84' lang='lat'>235.</span> <span class='ocrx_word' id='word_1_309' title='bbox 195 2412 373 2464; x_wconf 85' lang='lat' dir='ltr'>denique</span> <span class='ocrx_word' id='word_1_310' title='bbox 394 2413 568 2452; x_wconf 78' lang='lat' dir='ltr'>Lobeck.</span> <span class='ocrx_word' id='word_1_311' title='bbox 592 2412 642 2450; x_wconf 89' lang='lat' dir='ltr'>ad</span> <span class='ocrx_word' id='word_1_312' title='bbox 670 2412 896 2464; x_wconf 74' lang='lat' dir='ltr'>Phryn.p.</span> <span class='ocrx_word' id='word_1_313' title='bbox 931 2413 1200 2461; x_wconf 75' lang='lat' dir='ltr'>581.LI·:11M,</span> 
     </span>
    </p>

    <p class='ocr_par' dir='ltr' id='par_1_11' title="bbox 70 2463 1554 2688">
     <span class='ocr_line' id='line_1_41' title="bbox 183 2463 1552 2522; baseline 0.003 -16"><span class='ocrx_word' id='word_1_314' title='bbox 183 2470 300 2519; x_wconf 77' lang='lat' dir='ltr'>Pag</span> <span class='ocrx_word' id='word_1_315' title='bbox 338 2470 399 2507; x_wconf 74' lang='lat'>14.</span> <span class='ocrx_word' id='word_1_316' title='bbox 431 2468 458 2510; x_wconf 87' lang='lat' dir='ltr'>l.</span> <span class='ocrx_word' id='word_1_317' title='bbox 487 2469 525 2508; x_wconf 85' lang='lat'>6.</span> <span class='ocrx_word' id='word_1_318' title='bbox 555 2463 948 2521; x_wconf 74' lang='grc' dir='ltr'>Ἐπισιτισαμενος)</span> <span class='ocrx_word' id='word_1_319' title='bbox 986 2468 1239 2507; x_wconf 80' lang='lat' dir='ltr'>Vertebatur</span> <span class='ocrx_word' id='word_1_320' title='bbox 1277 2471 1367 2507; x_wconf 80' lang='lat' dir='ltr'>cibo</span> <span class='ocrx_word' id='word_1_321' title='bbox 1389 2479 1552 2522; x_wconf 70' lang='lat' dir='ltr'>pastas.</span> 
     </span>
     <span class='ocr_line' id='line_1_42' title="bbox 70 2522 1552 2575; baseline 0.001 -13"><span class='ocrx_word' id='word_1_322' title='bbox 70 2522 200 2563; x_wconf 82' lang='lat' dir='ltr'>Recte</span> <span class='ocrx_word' id='word_1_323' title='bbox 230 2524 465 2562; x_wconf 86' lang='lat' dir='ltr'>emendavit</span> <span class='ocrx_word' id='word_1_324' title='bbox 494 2526 695 2562; x_wconf 69' lang='lat' dir='ltr'>Gesneras</span> <span class='ocrx_word' id='word_1_325' title='bbox 715 2528 870 2564; x_wconf 70' lang='lat' dir='ltr'>viatico</span> <span class='ocrx_word' id='word_1_326' title='bbox 899 2533 1045 2567; x_wconf 81' lang='lat' dir='ltr'>sumto.</span> <span class='ocrx_word' id='word_1_327' title='bbox 1093 2525 1190 2564; x_wconf 85' lang='lat' dir='ltr'>Vid.</span> <span class='ocrx_word' id='word_1_328' title='bbox 1223 2524 1273 2562; x_wconf 86' lang='lat' dir='ltr'>de</span> <span class='ocrx_word' id='word_1_329' title='bbox 1303 2525 1380 2564; x_wconf 91' lang='lat' dir='ltr'>hoc</span> <span class='ocrx_word' id='word_1_330' title='bbox 1411 2529 1552 2575; x_wconf 85' lang='lat' dir='ltr'>verbo,</span> 
     </span>
     <span class='ocr_line' id='line_1_43' title="bbox 72 2579 1554 2644; baseline 0.001 -25"><span class='ocrx_word' id='word_1_331' title='bbox 72 2582 117 2619; x_wconf 88' lang='lat' dir='ltr'>in</span> <span class='ocrx_word' id='word_1_332' title='bbox 146 2594 226 2644; x_wconf 75' lang='lat' dir='ltr'>quo</span> <span class='ocrx_word' id='word_1_333' title='bbox 253 2579 509 2631; x_wconf 86' lang='lat' dir='ltr'>saepiuscule</span> <span class='ocrx_word' id='word_1_334' title='bbox 546 2581 790 2618; x_wconf 81' lang='lat' dir='ltr'>abe1rarunt</span> <span class='ocrx_word' id='word_1_335' title='bbox 825 2581 1101 2634; x_wconf 78' lang='lat' dir='ltr'>interpretes,</span> <span class='ocrx_word' id='word_1_336' title='bbox 1136 2581 1186 2620; x_wconf 88' lang='lat' dir='ltr'>ad</span> <span class='ocrx_word' id='word_1_337' title='bbox 1224 2581 1332 2620; x_wconf 82' lang='lat' dir='ltr'>Dial.</span> <span class='ocrx_word' id='word_1_338' title='bbox 1361 2584 1554 2634; x_wconf 77' lang='lat' dir='ltr'>proxime</span> 
     </span>
     <span class='ocr_line' id='line_1_44' title="bbox 73 2636 828 2688; baseline 0.001 -15"><span class='ocrx_word' id='word_1_339' title='bbox 73 2637 343 2688; x_wconf 86' lang='lat' dir='ltr'>praemissum</span> <span class='ocrx_word' id='word_1_340' title='bbox 373 2637 482 2674; x_wconf 84' lang='lat' dir='ltr'>Galli</span> <span class='ocrx_word' id='word_1_341' title='bbox 511 2649 548 2675; x_wconf 84' lang='lat' dir='ltr'>e.</span> <span class='ocrx_word' id='word_1_342' title='bbox 587 2637 646 2676; x_wconf 80' lang='lat'>16.</span> <span class='ocrx_word' id='word_1_343' title='bbox 676 2636 828 2675; x_wconf 74' lang='lat' dir='ltr'>Rffl&#39;rz.</span> 
     </span>
    </p>

    <p class='ocr_par' dir='ltr' id='par_1_12' title="bbox 76 2687 1555 2799">
     <span class='ocr_line' id='line_1_45' title="bbox 189 2687 1555 2746; baseline 0.001 -17"><span class='ocrx_word' id='word_1_344' title='bbox 189 2691 292 2730; x_wconf 82' lang='lat' dir='ltr'>Ead.</span> <span class='ocrx_word' id='word_1_345' title='bbox 328 2693 354 2729; x_wconf 93' lang='lat' dir='ltr'>l.</span> <span class='ocrx_word' id='word_1_346' title='bbox 385 2706 422 2746; x_wconf 83' lang='lat'>9.</span> <span class='ocrx_word' id='word_1_347' title='bbox 456 2687 666 2743; x_wconf 73' lang='grc' dir='ltr'><em>Πάμπολυ</em></span> <span class='ocrx_word' id='word_1_348' title='bbox 687 2691 770 2732; x_wconf 75' lang='grc' dir='ltr'>τῶν</span> <span class='ocrx_word' id='word_1_349' title='bbox 790 2691 924 2746; x_wconf 70' lang='grc' dir='ltr'><em>νεφῶν</em></span> <span class='ocrx_word' id='word_1_350' title='bbox 953 2688 1223 2740; x_wconf 70' lang='grc' dir='ltr'>ἀποσπάσας)</span> <span class='ocrx_word' id='word_1_351' title='bbox 1253 2694 1394 2733; x_wconf 85' lang='lat' dir='ltr'>Vertit</span> <span class='ocrx_word' id='word_1_352' title='bbox 1420 2694 1555 2731; x_wconf 71' lang='lat' dir='ltr'>Pras-</span> 
     </span>
     <span class='ocr_line' id='line_1_46' title="bbox 76 2746 1539 2802; baseline 0 -16"><span class='ocrx_word' id='word_1_353' title='bbox 76 2761 188 2787; x_wconf 75' lang='lat' dir='ltr'>mas:</span> <span class='ocrx_word' id='word_1_354' title='bbox 218 2749 447 2799; x_wconf 79' lang='lat' dir='ltr'>plurimum</span> <span class='ocrx_word' id='word_1_355' title='bbox 476 2750 651 2787; x_wconf 61' lang='lat' dir='ltr'>nablum</span> <span class='ocrx_word' id='word_1_356' title='bbox 675 2763 873 2792; x_wconf 76' lang='lat' dir='ltr'>emensa-5.</span> <span class='ocrx_word' id='word_1_357' title='bbox 931 2750 1014 2789; x_wconf 83' lang='lat' dir='ltr'>Sed</span> <span class='ocrx_word' id='word_1_358' title='bbox 1038 2746 1235 2802; x_wconf 76' lang='grc' dir='ltr'><em>αποσπᾷν</em></span> <span class='ocrx_word' id='word_1_359' title='bbox 1266 2756 1328 2788; x_wconf 84' lang='lat' dir='ltr'>est</span> <span class='ocrx_word' id='word_1_360' title='bbox 1359 2749 1539 2788; x_wconf 74' lang='lat' dir='ltr'>avellere</span> 
     </span>
    </p>
   </div>
   <div class='ocr_carea' id='block_1_8' title="bbox 132 2807 1276 2856">
    <p class='ocr_par' dir='ltr' id='par_1_13' title="bbox 132 2807 1276 2856">
     <span class='ocr_line' id='line_1_47' title="bbox 132 2807 1276 2856; baseline -0.003 -2"><span class='ocrx_word' id='word_1_361' title='bbox 132 2818 308 2855; x_wconf 65' lang='lat' dir='ltr'>Luciam.</span> <span class='ocrx_word' id='word_1_362' title='bbox 348 2817 439 2855; x_wconf 82' lang='lat' dir='ltr'>Vol.</span> <span class='ocrx_word' id='word_1_363' title='bbox 475 2817 571 2856; x_wconf 82' lang='lat' dir='ltr'><em>Vll.</em></span> <span class='ocrx_word' id='word_1_364' title='bbox 1186 2807 1230 2851; x_wconf 90' lang='lat' dir='ltr'>A</span> <span class='ocrx_word' id='word_1_365' title='bbox 1251 2823 1276 2850; x_wconf 77' lang='lat' dir='ltr'>a</span> 
     </span>
    </p>
   </div>
  </div>
 </body>
</html>
