1819 3198
451 252 523 284 iu
576 250 689 280 Brs
735 250 1192 283 AccUSATUM.
1465 237 1566 287 415

90 355 234 395 Amor.
264 367 299 392 c.
323 353 362 392 8.
395 357 439 392 et
466 351 533 392 24.
562 355 641 389 etc.
674 350 850 389 Solanzcs
876 349 975 388 alibi
1001 349 1158 389 frustra
1183 367 1213 404 μ
1248 351 1456 404 inserens,
1500 353 1570 394 hic

91 425 255 451 manum
287 414 402 449 recte
432 408 640 448 abstinuit.
672 406 828 447 Rizrrz.
888 405 938 444 In
966 405 1108 445 Amor.
1143 421 1178 448 c,
1203 404 1270 447 24.
1300 409 1439 448 suerat
1466 411 1568 449 olim

90 469 240 507 vitiosa
267 468 405 506 forma
433 465 682 517 ἐμπίπλατο,
723 476 825 514 quae
856 461 936 514 jam
978 462 1020 500 in
1057 465 1273 513 genuinam
1304 464 1567 518 ἐμπίμπλατο

90 530 244 563 mutata
271 529 344 561 est.
405 521 586 559 Omnino
619 519 797 571 scriptor
822 525 962 556 noster
983 520 1214 569 promiscue
1235 527 1409 573 utraque
1433 523 1568 562 forma

90 594 188 618 usus
221 593 307 617 esse
340 576 674 630 deprehenditur.
732 574 797 612 Ad
827 577 1026 633 Amorum
1060 580 1102 612 et
1135 576 1437 629 Icaromenippi
1476 579 1568 618 loca

89 635 293 674 accedunt
325 641 366 673 et
394 634 471 671 alia
501 631 683 698 ejusdem
711 632 894 683 generis,
924 637 971 669 ut
999 631 1274 682 ἐνεπίμπλατο
1304 633 1416 672 infra
1441 648 1477 677 c.
1498 636 1567 674 31.

89 693 210 731 Alex.
235 705 268 728 c.
298 692 357 729 14.
381 683 747 740 υποπιμπλοῖμενος
774 686 875 726 ibid.
897 700 933 727 c.
963 699 1025 726 12.
1047 701 1081 728 e.
1107 702 1140 725 a.
1172 688 1321 728 LEHM.

201 747 310 785 Ead.
330 747 355 784 l.
370 744 410 787 4.
446 742 611 798 Τύγου)
631 745 751 783 Cous.
766 744 900 782 Paras.
913 758 950 784 c.
963 745 1028 782 58.
1050 750 1092 782 et
1115 743 1258 795 Navig.
1273 759 1306 783 c.
1318 742 1387 788 4ο.
1404 746 1566 790 SOLAN.

88 803 287 843 Fabulam
316 803 446 855 ipsam
478 807 644 839 narrant
667 801 865 838 Herodot.
896 802 926 849 Ι,
953 801 992 841 8.
1020 813 1078 852 sq.
1107 806 1150 839 et
1185 802 1340 844 Justtn.
1364 802 1395 852 I,
1428 815 1466 854 7,
1498 803 1567 845 Cf.

90 860 214 899 etiam
246 860 334 901 Cic.
366 857 509 899 Officc.
541 858 616 906 III,
644 869 684 908 9.
714 857 860 894 mer.

198 915 307 953 E-ad
338 915 367 958 l.
389 916 428 956 5.
458 912 610 961 ”Αὶ”δος
645 909 814 965 κυνέην)
852 912 921 950 EX
956 912 1006 952 Il.
1024 912 1073 961 E,
1099 912 1196 954 845.
1249 913 1369 952 Adde
1408 914 1572 954 Schotti

88 970 199 1023 adag.
231 974 294 1013 13.
318 977 362 1012 et
388 972 503 1009 Plut.
527 968 627 1009 136.
638 970 669 1009 f.
699 969 973 1020 Aristophan
993 964 1089 1024 ’Ap
1111 970 1204 1021 390.
1226 983 1256 1009 ε.
1289 970 1409 1012 Suid.
1433 973 1570 1023 Apol-

88 1029 172 1070 lod.
203 1029 233 1067 Ι.
265 1041 352 1080 pag
377 1027 442 1068 58.
461 1027 510 1066 A.
542 1027 701 1065 SoLAN.

202 1085 309 1122 Ead.
331 1085 360 1124 l
386 1084 422 1122 6.
463 1078 625 1135 Μακοα
660 1080 840 1136 χαίρειν)
882 1080 971 1131 Ego
1002 1081 1174 1119 valere
1161 1081 1263 1134 Jussi
1290 1082 1394 1121 illud
1422 1083 1572 1134 vulga-

87 1145 178 1178 tum
199 1135 380 1193 μακροῖν,
408 1153 502 1178 cum
524 1153 668 1178 verum
691 1139 738 1178 P.
760 1144 803 1175 et
829 1137 864 1179 J
890 1136 1142 1177 exhibuerit.
1163 1138 1261 1177 Vid.
1285 1139 1453 1177 omnino
1475 1147 1572 1179 ante

87 1203 230 1236 notata
266 1199 316 1234 ad
345 1198 437 1235 Jov.
469 1195 639 1237 Consut
671 1208 705 1232 c.
731 1195 797 1232 32.
818 1194 850 1235 f.
885 1193 1028 1241 Adde,
1053 1193 1087 1230 si
1109 1194 1196 1242 vis,
1225 1194 1341 1235 Asin.
1368 1209 1405 1236 ο.
1427 1195 1498 1236 46.
1529 1202 1573 1236 et

95 1253 202 1290 Gau.
236 1266 269 1290 c.
297 1254 358 1292 13.
385 1253 537 1290 Rmrz.
593 1251 670 1288 Est
705 1250 841 1302 potius
879 1249 994 1287 locus
1023 1250 1116 1290 Jov.
1143 1251 1344 1302 Tragoed.
1378 1265 1411 1289 c.
1431 1251 1499 1293 52·
1530 1259 1572 1291 et

88 1309 299 1348 adnotatio
327 1308 506 1347 indicata
533 1307 686 1358 legitur
716 1307 836 1344 Toni.
858 1306 907 1343 V.
928 1319 972 1357 p.
996 1307 1090 1356 595.
1124 1320 1184 1359 sq.
1202 1307 1267 1345 Cf.
1299 1308 1423 1346 etiam
1445 1309 1570 1350 Varr.

89 1364 228 1406 Lectt
253 1365 299 1403 ηε]
328 1365 536 1415 ProLaps
576 1361 1276 1413 c.-2.T0m.111.p.506.L1211M.

201 1423 308 1462 Eud
336 1422 363 1461 1,
393 1421 456 1460 15·
487 1418 690 1483 Λόγοισι)
713 1419 781 1456 Ex
811 1420 1018 1469 Euripide
1048 1418 1127 1457 hoc
1155 1418 1308 1458 Phoen.
1333 1418 1430 1464 363.
1463 1421 1571 1460 Am·-

86 1476 180 1530 phis
210 1484 368 1526 autem,
411 1473 518 1517 ὅπου
563 1492 624 1523 τις
662 1472 780 1527 οἷλγεῖ
813 1476 921 1516 κεῖσε
955 1475 1028 1517 καὶ
1061 1491 1137 1517 τον
1170 1473 1266 1517 νοῦν
1301 1474 1402 1530 ἔχει.
1425 1478 1571 1529 steph.

85 1550 208 1587 γιωμ.
244 1534 306 1575 15.
336 1507 497 1575 S'OLAN

199 1592 312 1641 Pag.
339 1590 406 1639 76.
436 1589 462 1626 1
492 1603 553 1630 10.
566 1587 615 1628 Τι’
642 1581 781 1640 διαφ.)
812 1586 879 1624 Sic
904 1587 952 1625 P.
981 1587 1063 1626 nisi
1095 1587 1205 1654 quod
1234 1585 1574 1642 προηγούμ-εῐ

87 1642 478 1699 οἷποποοηγουμενον
506 1644 641 1682 habet.
686 1644 732 1681 ln
762 1642 973 1695 reliquis
960 1640 1039 1692 ότι,
1065 1652 1134 1682 aut
1164 1640 1201 1692 ὅ,
1217 1661 1257 1685 τι
1278 1643 1395 1696 διάφ.
1410 1647 1570 1685 SOLAN.

203 1702 312 1742 fiad.
338 1703 366 1742 l.
395 1703 455 1741 14.
487 1695 747 1752 Δισῑ’λλαβα)
770 1699 889 1737 Nihil
908 1702 1068 1738 vari-xre
1089 1699 1200 1739 Edd.
1221 1701 1375 1739 adlevit
1392 1702 1574 1740 Solanzcs

86 1765 243 1800 noster.
277 1759 333 1796 At
354 1772 453 1796 mox
475 1771 510 1798 e.
534 1758 598 1796 28
629 1772 867 1808 κομματικα
899 1754 1162 1809 ἕρωτηματα.
1215 1758 1296 1794 Sed
1327 1758 1472 1796 breves
1502 1764 1570 1796 at-

87 1829 167 1868 que
198 1814 648 1866 abiuptas,p1aecisas
679 1813 1006 1864 quaestiunculas
1040 1827 1114 1865 per
1142 1810 1372 1867 δισύλλαβα
1402 1817 1571 1852 Lucia-

88 1886 166 1909 nus
195 1872 408 1921 inteiligit,
439 1872 577 1922 quales
608 1871 730 1907 modo
758 1871 994 1920 praemisei
986 1875 1050 1916 z,1t
1083 1876 1125 1907 et
1155 1871 1299 1907 eodem
1328 1871 1438 1908 redit
1464 1887 1570 1924 κομ-

85 1943 245 1980 ματικα
267 1941 289 1964 a
310 1925 474 1974 κόπτω,
516 1927 630 1978 quasi
653 1939 761 1992 quae
794 1925 1056 1964 brevioribus
1087 1926 1359 1965 includuntur
1385 1940 1569 1966 comma-

86 1985 217 2032 tibus3
252 1983 365 2021 addit
395 1985 504 2020 enim
533 1999 662 2034 μικρα
689 1983 761 2023 καὶ
788 1979 1036 2034 κομματικά.
1067 1981 1220 2023 ΒΕΙΤΖ.

199 2041 305 2077 Ead.
327 2039 355 2081 Ι
390 2053 452 2087 17.
498 2041 652 2102 Τρίτῳ)
695 2037 792 2078 Vid.
830 2041 1000 2076 Aris-tot.
1034 2035 1174 2078 Ἀναλ.
1215 2034 1333 2092 πρότ.
1372 2038 1454 2077 Sed
1493 2039 1570 2078 vix

85 2102 296 2147 tempero,
337 2096 435 2146 quin
475 2095 581 2132 illud
613 2091 922 2136 ἀναποδείκτων
959 2095 1002 2133 in
1041 2090 1258 2136 ἀδυνάτων
1289 2101 1473 2143 mutem3
1502 2095 1569 2133 adi

84 2160 223 2190 tamen
254 2150 338 2190 Vit.
370 2153 492 2189 Auct.
524 2163 560 2192 c.
593 2151 660 2190 24.
702 2151 774 2189 ubi
812 2145 1107 2192 ἀναπόδεικτον
1145 2146 1415 2204 συλλογισμόν
1440 2158 1569 2190 vocat.

83 2209 245 2248 sonis.

198 2264 306 2302 lbid.
351 2261 446 2304 Τῶν
474 2259 803 2312 ἀναποδείκτων)
843 2262 1071 2301 Audiamus
1113 2263 1299 2302 breviter
1336 2264 1569 2315 Apulelam

87 2320 138 2359 de
167 2319 293 2358 habit.
321 2319 451 2358 doctr.
485 2320 590 2360 Plat.
624 2334 658 2360 s,
682 2320 733 2357 de
763 2318 948 2357 hermen.
984 2333 1020 2370 p.
1047 2321 1115 2368 37,
1139 2322 1174 2357 8.
1215 2321 1280 2357 Ex
1300 2319 1411 2358 hisce
1437 2323 1572 2373 igitur·

87 2379 135 2415 in
148 2380 294 2428 prima
315 2377 510 2428 formula
531 2377 664 2413 modis
693 2390 838 2413 novem
856 2377 988 2426 primi
1009 2384 1187 2428 quatuor
1213 2377 1565 2415 indemonstrabi-

85 2435 145 2472 les
165 2436 461 2472 nominantur:
498 2447 580 2470 non
613 2433 725 2484 qaod
754 2434 1028 2470 demonstrari
1059 2442 1266 2485 nequeant
1285 2454 1340 2461 --
1359 2433 1432 2471 secl
1455 2433 1567 2485 quod

87 2500 175 2529 tam
194 2492 405 2542 simplices
438 2497 603 2540 tamque
635 2490 853 2540 manifesti
884 2497 1001 2538 sant,
1040 2498 1086 2527 ut
1107 2492 1456 2527 demonstratione
1478 2503 1561 2526 non

86 2557 262 2599 egeant,
289 2549 390 2585 adeo
412 2555 457 2583 ut
478 2548 564 2596 ipsa·
585 2555 765 2582 caeteros
782 2548 855 2597 gib
841 2554 982 2592 ‹r‚nant
1001 2546 1214 2598 fidemque
1236 2546 1323 2584 illis·
1347 2560 1396 2583 ex
1418 2559 1460 2582 se
1481 2547 1564 2581 im-

79 2604 530 2655 peaetiant.Pote1am
560 2602 687 2651 igitur
716 2601 853 2654 σχῆμα
887 2603 1050 2639 modum
1077 2602 1361 2653 interpretari,
1401 2602 1435 2639 si
1462 2613 1566 2638 con-

86 2665 234 2710 staret,
275 2660 324 2698 ad
355 2659 459 2696 hanc
489 2661 616 2710 ipsam
656 2657 900 2696 divisionem
929 2658 1138 2709 pertinere
1174 2657 1565 2708 argumentationem

86 2716 190 2754 hanc
219 2717 431 2755 Porticus,
463 2714 570 2766 quod
597 2714 676 2765 jam
699 2727 894 2766 quaerere
923 2727 1007 2753 non
1029 2714 1222 2763 vacabat,
1253 2719 1295 2752 et
1316 2713 1384 2750 cui
1408 2718 1565 2751 temere

85 2780 147 2812 est
177 2778 337 2811 tantum
363 2786 386 2810 a
416 2785 463 2811 re
491 2785 561 2809 sua
591 2769 700 2808 otii?
731 2770 866 2812 Gms.
