1819 3198
452 237 674 267 ineis
721 236 1184 268 AccUSATUM.
1459 228 1557 271 427

203 338 311 378 End.
339 338 367 379 1.
393 351 430 390 9.
467 332 750 384 ’Λθοῖνατος)
783 334 965 373 Platonis
1003 335 1197 387 Dialogos
1235 337 1394 384 innuit,
1430 338 1567 379 Phae..

93 394 212 433 drum
231 392 323 434 344.
357 394 401 432 C.
432 393 555 444 Apol.
578 394 692 432 Socr.
714 391 809 444 369.
833 390 884 433 A.
912 397 953 429 et
982 390 1187 430 Phaedon.
1209 395 1306 436 3814
1325 396 1373 432 A.
1404 396 1565 435 Sonus.

204 462 311 503 Eacl,
345 463 371 500 l
401 457 646 505 10.Πόσας
669 452 876 505 notulae)
913 458 1049 497 Locus
1079 461 1279 525 Platonis
1319 461 1369 499 de
1408 464 1566 501 animae

91 517 339 556 formatione
365 518 423 555 sic
461 516 628 589 incipit:
682 512 770 564 Τῆς
802 511 1023 582 αμερίστου
1063 516 1133 557 καὶ
1174 517 1240 557 αει
1280 534 1390 559 κατα
1431 515 1568 561 ταῦτα’

92 570 266 638 {xo-tione
294 570 461 620 οὐσίας,
488 575 607 637 ³uoci
589 569 664 621 τῆς
695 566 753 612 αὖ
783 573 880 625 περὶ
902 588 954 613 τα
987 568 1158 621 σώματα
1186 574 1429 637 γιγνομένης·
1446 591 1567 628 μερι-

93 629 204 679 στῆς,
232 629 372 683 τρίτον
399 629 444 677 ἐξ
472 628 628 680 αμφοῖν
657 628 698 668 ἐν
725 626 839 681 με’σῳ
871 625 1166 682 συνεκευάσατο
1194 626 1337 678 θυσίας
1356 630 1464 679 εἶδος
1486 638 1564 672 etc.

91 686 169 724 Ed.
204 687 304 726 Bas,
331 700 372 737 p
394 686 546 736 478.1”,
575 686 730 723 SoLAN.

206 753 315 795 Ead.
343 750 370 793 l.
401 767 464 794 11.
490 748 610 794 Κατοέ
641 747 693 793 to?
724 747 834 793 αὗτοῖ
862 746 1035 806 ἐχούσης
1064 747 1239 803 οὐσίας)
1270 751 1300 793 Ι.
1320 768 1354 792 e.
1382 752 1458 805 τῆς
1485 750 1568 796 α’ῧ-

90 811 177 857 λου,
208 811 513 849 immaterialis,
544 809 712 847 GUYET.

207 865 310 905 Ead.
333 865 362 907 l.
392 879 455 908 12.
485 867 558 913 Εἰς
585 860 655 906 τὸν
681 861 887 917 κοατῆοα)
915 863 1076 903 Alludit
1104 864 1155 903 ad
1183 865 1296 904 illam
1312 864 1564 906 Platonicam

90 921 132 959 in
164 922 335 959 Timaeo
367 922 677 973 Cosmogoniam
710 935 744 959 c
774 933 837 975 19.
866 921 945 958 coll
982 935 1014 959 c.
1036 924 1099 961 28.
1127 935 1186 975 pr.
1243 922 1324 960 Sed
1353 922 1519 961 videtur
1541 937 1565 961 e

91 979 289 1014 memoria
318 977 484 1016 laudare
513 979 662 1016 locum.
723 977 828 1014 Nam
860 976 968 1042 apuad
1001 976 1230 1016 Platonem
1251 992 1335 1017 non
1373 985 1434 1016 est
1461 975 1566 1030 α’μι-

92 1048 182 1086 7ης,
205 1033 275 1071 sed
308 1031 526 1086 ἆμέρισῑος
551 1033 620 1076 ,ιαὶ
646 1029 711 1073 αἐἲ
734 1049 836 1074 κατα
865 1029 999 1074 ταῦτα
1024 1030 1176 1086 ἔχουσα
1205 1030 1327 1075 οὖσία
1345 1056 1400 1062 -—-
1422 1049 1566 1086 quam-

93 1103 210 1140 quam
244 1091 378 1140 paullo
410 1097 502 1142 post
531 1107 609 1140 την
638 1090 824 1142 θατέρου
855 1105 979 1141 φυσιν
1007 1087 1224 1142 δύςμικτον
1253 1091 1451 1142 appellat:
1496 1091 1568 1129 ubi

94 1152 134 1182 et
153 1147 339 1213 Ηραῑῐὶιιηι
369 1148 678 1217 pioportionem
703 1146 896 1216 exponit.
951 1146 1097 1184 Alteio
1134 1147 1224 1184 loco
1263 1147 1320 1184 ita
1361 1147 1410 1184 de
1452 1148 1566 1185 Deo:

92 1199 191 1241 ταῦτ
247 1200 354 1250 εἶπε,
390 1203 459 1244 καῖ
491 1201 614 1243 πάλιν
645 1202 713 1242 ἐπὶ
736 1198 809 1241 τόν
833 1196 1038 1267 πρότερον
1065 1201 1568 1266 κρατῆρα(01“ο.τεηιρε«

91 1258 296 1294 Πιίὶοηοηι
324 1258 594 1309 ‹npeaeioremJ
637 1258 682 1297 ἕν
719 1274 751 1296 ω
793 1253 870 1306 τὴν
899 1257 970 1299 τοῦ
1005 1274 1162 1305 πανῑος
1194 1270 1342 1312 ’ψυχην
1370 1274 1571 1311 κεοαννυς

91 1310 256 1366 ἐαισγε,
295 1331 346 1355 τα
377 1313 461 1355 τῶν
494 1312 684 1368 πρόσθεν
711 1298 921 1355 ῧπόλοιπα
951 1314 1156 1367 κατεχεῒτο
1190 1314 1375 1369 μίσγων,
1404 1331 1440 1356 κ-
1471 1332 1508 1356 τ.
1533 1319 1568 1356 λ.

94 1369 229 1409 GESN.

91 1478 115 1518 3
206 1412 311 1463 End.
335 1426 364 1465 J.
395 1437 456 1464 12.
491 1421 553 1468 Τοῖ
576 1423 734 1474 πάντα)
755 1423 992 1465 Articulum
1012 1427 1267 1465 restituimus
1288 1440 1342 1466 ex
1363 1428 1447 1470 Ms.
1467 1428 1569 1478 Reg-

120 1494 166 1519 οι
179 1494 214 1524 1,
242 1483 333 1527 Bm,

206 1549 312 1588 Eacl.
337 1549 365 1590 l.
394 1550 454 1589 13.
489 1547 716 1599 Πολιτικῆς
741 1547 886 1603 μορίου
912 1549 1101 1598 εἴδωλον)
1133 1549 1242 1588 Vide
1269 1552 1389 1592 Plat.
1419 1551 1570 1602 Georg.

90 1608 185 1656 287.
210 1606 257 1643 E.
283 1606 327 1644 F.
350 1612 392 1643 et
425 1607 682 1656 Quintilian.
723 1605 778 1654 11,
807 1607 871 1646 15.
902 1619 992 1657 pag.
1019 1608 1108 1647 105.
1136 1620 1258 1659 quem
1284 1607 1387 1656 lege.
1410 1607 1571 1649 SOLAN.

92 1663 152 1702 Ut
182 1661 302 1700 modo
333 1662 566 1699 Ciceronem
593 1661 943 1713 interpretationis
973 1670 1182 1701 auctorem
1204 1663 1370 1701 laudare
1400 1664 1572 1711 licebat3

90 1720 147 1757 ita
178 1718 286 1755 hunc
307 1718 442 1755 locum
467 1732 488 1755 e
517 1719 783 1768 Quintiliano
807 1718 948 1758 damus
970 1719 1024 1767 II,
1052 1720 1115 1767 15,
1139 1720 1205 1758 25.
1229 1719 1301 1757 ubi
1321 1719 1574 1757 Platonicam

91 1775 203 1813 illam
235 1774 285 1812 de
315 1773 540 1812 Rhetorica
571 1773 801 1817 doctrinam
830 1789 852 1812 e
883 1775 1037 1826 Gorgia
1065 1789 1159 1814 cum
1198 1776 1326 1814 Fabio
1354 1775 1574 1826 diligenter

90 1830 403 1883 composuimus,
435 1830 569 1868 stN.

204 1899 316 1948 Peg.
343 1909 409 1952 91.
435 1895 802 1951 9..»Λεπτολογοῖν)
823 1897 930 1947 Quia
955 1898 1097 1941 Solam
1127 1912 1328 1951 nusquam
1347 1898 1444 1938 alibi
1464 1897 1569 1936 illud

91 1952 209 2004 (Cocl.
233 1954 392 2006 const.)
424 1953 585 2004 adjecit,
612 1955 721 2004 quod
750 1953 898 2003 sciam,
929 1956 1069 1994 nescio
1099 1955 1196 2006 quid
1223 1955 1302 1993 sibi
1329 1955 1445 1994 velit.
1468 1954 1574 2002 (vid.

91 2011 191 2048 Var.
220 2007 356 2060 Lect.)
414 2009 494 2046 Sed
525 2009 649 2047 credo
671 2010 714 2048 id
744 2017 995 2048 constantem
1031 2011 1231 2050 Codicum
1263 2011 1484 2049 lectionem
1515 2011 1576 2048 si·-

94 2065 310 2115 gnificare,
345 2079 426 2102 non
460 2065 774 2103 Constantinum
810 2067 1010 2117 quendam
1044 2066 1253 2105 Codicem.
1300 2066 1577 2118 Λεπτολογεῖν

95 2122 218 2159 etiam
243 2121 492 2172 adscriptum
518 2127 604 2159 erat
619 2135 741 2172 marg.
762 2122 862 2161 Ald.
887 2123 966 2160 Sed
990 2123 1203 2172 vulgatum
1219 2128 1407 2175 praestat.
1419 2122 1577 2165 REM-z,

208 2188 317 2228 Ead.
347 2188 434 2228 1.6.
476 2183 757 2240 Ἀποβλέπει)
795 2188 907 2239 Lege
947 2185 1033 2230 ἅνω
1065 2187 1216 2241 βλέπει.
1249 2190 1417 2228 GUYET.
1477 2190 1572 2227 Non

95 2245 200 2282 male
230 2245 371 2293 Guyet.
401 2244 601 2295 conjecit,
640 2251 681 2281 et
710 2245 831 2282 facile
861 2259 926 2283 me
955 2252 1096 2283 nactus
1132 2252 1238 2283 esset
1268 2246 1573 2297 obsequentem,

96 2301 129 2337 si
160 2300 249 2351 quis
283 2300 314 2335 t
320 2299 384 2337 od,
412 2300 555 2337 eodem
588 2300 769 2338 duceret.
828 2300 915 2340 Jam
949 2315 1049 2339 vero
1076 2303 1283 2352 vulgatam
1311 2315 1476 2339 servale
1497 2315 1571 2339 co—

96 2370 185 2406 gox,
215 2361 257 2392 et
283 2350 524 2407 οἷποβλέπειν
549 2357 733 2408 accipere
753 2369 828 2420 pro
849 2357 986 2395 oculos
1009 2367 1189 2395 avertere
1211 2372 1471 2422 quoqunque‚
1488 2358 1514 2395 i.
1538 2371 1575 2394 e.

96 2413 144 2448 ad
185 2413 349 2463 quaevis
379 2413 625 2457 nmotiora,
667 2418 709 2450 et
747 2413 804 2450 sic
844 2414 1048 2465 oppositio
1085 2412 1170 2455 15ch
1201 2408 1284 2465 πρό
1323 2416 1408 2455 τοῖν
1433 2413 1577 2454 ποδοῖν

97 2469 289 2519 quaedam
332 2467 524 2518 adpaiet,
572 2468 700 2518 major
739 2474 874 2507 tamen
910 2475 949 2506 et
984 2471 1299 2508 convenientior
1337 2470 1503 2516 sutma,
1541 2471 1578 2506 si

100 2522 323 2576 αναβλέπει
346 2524 410 2561 vel
441 2521 526 2564 ἅνω
557 2528 622 2576 βλ.
652 2525 844 2574 legamus,
874 2525 968 2576 quia
995 2524 1231 2564 sublimium
1261 2540 1308 2565 ac
1335 2499 1576 2563 coelestium

99 2580 417 2630 speculationem
452 2580 707 2630 potissimum
737 2583 989 2632 exprobiare
1012 2581 1110 2620 huic
1139 2583 1261 2631 solet,
1287 2588 1330 2619 et
1356 2581 1449 2619 ideo
1481 2581 1573 2617 alas

101 2636 221 2673 etiam
251 2636 374 2682 addit,
405 2631 461 2682 ὦς
493 2632 803 2687 αἐροβατοῦυτι,
835 2638 982 2688 quibus
1013 2652 1057 2676 se
1088 2651 1212 2688 supra
1234 2613 1362 2677 riubes
1392 2636 1575 2673 evolasse

102 2691 176 2738 η’ῑ,
219 2697 264 2729 ut
295 2692 377 2730 vid.
409 2707 444 2733 c,
471 2693 536 2730 33
569 2693 632 2729 R1
640 2706 723 2732 ιιι
782 2692 995 2744 Conjunge
1032 2690 1256 2746 ἀποβλέπει
1293 2692 1446 2731 arctius
1482 2704 1576 2728 cum

109 2747 292 2796 proxime
320 2748 670 2799 praecedentibus,
728 2749 1047 2800 Circumspicit,
1085 2763 1284 2801 quaerens
1318 2749 1401 2786 alas
1431 2748 1528 2786 istas
1555 2760 1578 2784 a
