1819 3198
485 220 559 253 IN
609 222 694 253 nn
745 220 1204 256 PARA81T0.7
1449 212 1547 263 431

69 323 214 377 ticipio
255 320 353 375 poni
393 320 561 370 millies,
607 320 657 364 id,
689 319 757 358 hic
792 333 876 358 non
915 321 1090 372 agimus,
1130 323 1226 374 quia
1253 330 1342 364 tum
1382 327 1460 367 alia
1488 336 1550 370 est

69 382 190 422 ratio,
221 378 370 416 Rmrz.
400 376 667 416 Paucioribus
695 377 853 414 acutius
876 390 965 415 rem
994 378 1132 428 tetigit
1162 380 1376 420 Gesner-as.
1399 384 1551 427 LEnM.

186 435 292 477 Eacl.
322 436 348 476 l.
374 449 409 487 9.
439 429 818 486 Ἀγαλματοποιᾶν)
845 432 942 474 Vid.
971 434 1083 475 Jem.
1122 434 1190 473 De
1219 437 1322 476 Jove
1351 438 1549 493 Olympio

70 507 194 545 supra
222 492 371 543 passim
404 490 559 528 dictum
589 495 664 530 est.
695 489 849 526 SOLAN.
938 529 940 532 ¹
1102 506 1105 512 s

185 549 289 586 L'acl.
317 548 343 586 l.
378 560 438 586 11.
479 546 750 596 Προοῖσται)
787 544 825 582 Α
858 544 1001 582 futuro
1031 545 1201 585 Aeolico
1230 551 1370 601 προεῖ,
1406 554 1552 604 προεῖ-

71 621 196 657 σμαι,
227 605 447 657 προεῖσαι,
475 603 715 652 προεῖσται,
748 601 958 655 προΐσται-
1015 602 1079 640 An
1108 603 1157 640 ab
1190 601 1352 650 οἷσται,
1393 603 1552 659 ὀϊστός,

71 662 261 699 missile?
289 660 428 698 Placet
465 655 522 698 To*
546 657 614 706 ἔω,
650 661 741 708 ἶήμι
766 657 922 707 triplex
947 657 1134 696 viderur:
1158 659 1225 710 ἕω,
1256 657 1327 710 Hm,
1357 667 1446 704 οἵω.
1484 667 1548 705 Ab

11 745 13 747 v
69 713 143 766 ὅω,
171 710 271 760 ὦκα,
300 714 425 761 ἔωκα,
453 710 622 765 οἷφὲωκα
643 721 720 752 etc.
751 713 918 754 GUYET.
949 714 1117 753 Frustra
1147 727 1191 753 se
1220 723 1387 770 torquet
1411 722 1552 772 Guye-

70 783 152 812 tus,
201 772 291 810 Nec
322 771 484 809 felicior
508 771 592 808 suit
620 771 740 810 Conr.
772 771 971 818 Reitztas,
999 771 1068 822 qui
1095 771 1136 808 in
1161 770 1303 811 Indice
1332 773 1436 813 hanc
1455 777 1550 815 sor-

72 842 180 867 mam
207 841 228 866 a
248 827 434 880 προοίειν
462 840 490 863 s.
521 825 769 878 προφέρειν,
797 825 966 863 derivat.
1024 825 1131 864 Nam
1162 828 1336 867 debebat
1362 831 1433 869 illa
1459 839 1551 873 tum

69 898 216 924 sonare
246 880 492 934 προώϊσται,
523 889 595 920 aut
619 878 849 934 πρόῳσται.
880 881 969 919 Nec
998 882 1222 937 προφέρειν
1242 886 1396 937 γέλωτα
1418 887 1550 939 phra-

71 941 128 979 sis
156 947 220 978 est
240 941 325 978 ullo
358 939 478 977 modo
506 937 744 989 probabitis.
804 937 915 987 Quid
942 939 1072 976 multa
1084 939 1102 976 ἶ)
1151 940 1284 979 Unice
1312 950 1424 981 recte
1454 959 1553 984 cor-

70 996 186 1036 rexit
222 996 439 1034 Jacobsius
468 994 510 1032 in
542 997 714 1032 Person.
746 992 936 1032 Adverss.
981 988 1194 1046 ηρόωσταο
1220 997 1270 1045 (a
1299 1002 1552 1050 προωθεῖν)

71 1051 331 1103 ostenditque
352 1065 428 1103 pro
450 1064 521 1088 sua
541 1051 735 1088 scientiae
755 1050 953 1100 elegantia
983 1058 1022 1089 et
1044 1053 1198 1101 peritia,
1228 1056 1403 1093 verbum
1423 1051 1554 1099 αἷθεῒν

72 1109 196 1148 etiam
224 1108 322 1146 alibi
349 1106 463 1146 varie
493 1120 578 1144 esse
608 1106 887 1157 depravatum.
918 1106 1052 1143 LEHM
1533 1110 1535 1112 ’

182 1166 297 1216 Pag.
319 1164 386 1218 98.
416 1163 434 1200 l
472 1175 508 1201 1.
550 1162 686 1204 Δίωνι
713 1182 770 1189 --
803 1159 1057 1214 φιλοσόφῳ)
1093 1163 1208 1202 Dion
1244 1165 1552 1208 Alexandrinus

70 1220 261 1264 natione,
308 1219 567 1271 praecipuam
611 1220 653 1256 in
694 1216 952 1270 philosophia
987 1217 1149 1257 laudem
1189 1226 1254 1259 est
1292 1230 1553 1266 consecutus.

71 1276 189 1314 Suid.
212 1275 413 1313 Plztlostr.
444 1280 486 1312 et
506 1275 603 1324 Syn.
626 1273 676 1311 de
700 1272 821 1311 laude
851 1273 1019 1311 calvitii.
1040 1276 1225 1315 Luciam.
1246 1278 1288 1315 in
1308 1278 1551 1331 Peregrino.

72 1332 210 1373 CoeN.
251 1331 360 1369 Vide
389 1331 515 1381 Cogn.
568 1330 664 1369 Not.
696 1335 738 1367 et
766 1334 873 1369 Μεν.
903 1342 935 1366 c.
962 1342 1023 1378 17.
1064 1331 1317 1381 (Significat,
1349 1334 1394 1372 ni
1412 1336 1554 1388 fallor,

68 1389 206 1428 locum
236 1387 303 1424 De
342 1387 466 1424 Mort-
509 1385 674 1436 l'eregr.
701 1399 736 1425 c.
763 1387 824 1426 18.
851 1384 923 1422 ubi
952 1385 1034 1425 vid.
1069 1386 1205 1427 Sclzol.
1231 1389 1404 1441 LEHM.)
1443 1392 1553 1431 Per-

70 1445 178 1483 lecta
210 1444 410 1481 Platonis
439 1442 609 1494 epistola
639 1441 822 1492 septima,
852 1440 986 1488 facile,
1018 1442 1154 1491 credo,
1183 1458 1359 1494 mecum,
1389 1449 1553 1498 senties,

70 1500 327 1549 Dionysiam
364 1497 452 1546 hic,
503 1511 586 1535 non
626 1498 830 1545 Dionem,
876 1511 899 1535 a
932 1499 1125 1536 Luciam
1167 1501 1372 1552 spriptum
1410 1503 1552 1544 fuisse.

69 1553 230 1597 SOLAN.
289 1553 397 1592 Mihi
425 1566 502 1590 nec
530 1553 783 1596 Platonicus,
810 1566 886 1590 nec
918 1552 1114 1603 Cynicus,
1143 1554 1215 1594 ille
1234 1557 1359 1606 Dion,
1391 1558 1443 1596 de
1468 1574 1550 1612 quo

71 1613 232 1662 agitur,
261 1610 391 1648 fuisse
420 1609 609 1657 videtur,
639 1608 710 1646 sed
738 1609 901 1659 ignotus
928 1609 1114 1661 quidam,
1150 1617 1271 1664 atque
1298 1614 1399 1652 adeo
1428 1615 1552 1666 igno..

70 1668 185 1716 bilis,
214 1667 403 1704 Lamiani
430 1665 635 1716 aequalis,
663 1678 790 1702 vanus
815 1663 922 1702 haud
954 1665 1078 1703 dubie
1106 1669 1284 1706 nominis
1313 1668 1553 1723 philosophi

69 1728 269 1775 captator.
298 1722 434 1772 Prope
455 1720 622 1759 eandem
645 1719 767 1758 video
783 1734 867 1758 esse
883 1722 1123 1760 lVielccndii
1133 1726 1385 1764 sententiam.
1399 1727 1551 1768 LEHM.

184 1778 291 1816 Ead.
317 1777 345 1819 l.
373 1789 436 1817 11.
455 1772 603 1824 ’Ὅπως
623 1778 786 1828 οἴομαι)
815 1777 1354 1831 Vett.-Codd.inspiciendi.
1376 1782 1553 1826 Gon-zu

69 1833 190 1873 Nihil
220 1834 427 1872 varietatis
456 1832 645 1882 invenio,
686 1846 762 1870 nec
804 1832 1004 1871 desidero.
1061 1834 1106 1872 Si
1136 1849 1230 1874 cum
1261 1837 1414 1890 Obsop.
1443 1840 1550 1879 male

69 1897 220 1939 vertas,
245 1898 291 1927 ut
309 1890 619 1941 arbitrorfwv,
646 1888 718 1931 καὶ
745 1889 884 1926 abesse
911 1891 1060 1941 possit3
1093 1889 1193 1941 (etsi
1223 1906 1343 1944 saepe
1377 1893 1554 1936 πλεονά-

70 1947 140 1996 ζει,
168 1960 209 1986 v.
237 1945 349 1984 infra
377 1958 465 1996 cap.
484 1942 570 1997 28.)
626 1945 684 1984 At
713 1945 749 1983 si
776 1958 869 1983 cum
905 1946 1058 1985 Bened.
1091 1948 1247 1997 verius,
1283 1952 1411 1988 etiam
1440 1953 1553 2003 quod

71 2005 218 2050 sentio,
247 2002 399 2049 dicam,
428 2015 560 2053 neque
579 2001 801 2039 abundabit
827 2000 912 2049 καὶ,
939 2016 1074 2055 neque
1103 2004 1148 2041 in
1175 2001 1290 2052 ὅπως·
1321 2006 1549 2058 quidquam

68 2059 164 2097 vitii
185 2058 296 2105 latet,
320 2070 395 2108 pro
426 2070 506 2108 quo
538 2057 677 2095 forsan
705 2053 762 2104 οἷς
789 2057 993 2108 quaesivit
1015 2060 1210 2109 Gzcyetzcs,
1269 2061 1352 2099 Sed
1378 2063 1464 2102 vid.
1495 2064 1549 2102 de

69 2110 206 2163 ὅπως,
236 2112 348 2150 infra
371 2125 406 2151 e.
422 2126 459 2163 9.
480 2119 520 2150 et
539 2113 605 2150 32.
635 2112 692 2150 Et
713 2118 851 2151 notam
875 2114 1023 2151 Solani
1041 2115 1090 2152 ad
1112 2116 1221 2157 Tim.
1240 2118 1280 2164 0.
1298 2118 1362 2155 48,
1391 2118 1549 2160 ΒΕῙΤΖ.

181 2170 288 2210 Εαιῖ.
311 2168 341 2206 l.
368 2169 431 2207 13»
463 2164 619 2220 Οὐδὲν)
655 2169 716 2206 Ita
749 2169 818 2206 Η.
848 2168 945 2206 sola.
1001 2170 1202 2223 Reliquae
1231 2186 1372 2211 omnes
1401 2168 1547 2216 οὐθέν.

69 2226 136 2264 Fl.
176 2238 270 2263 cum
308 2225 572 2275 sequentibus
611 2225 762 2275 jungit,
807 2224 966 2262 omissis
1011 2230 1109 2279 Τυχ.
1147 2234 1188 2265 et
1229 2231 1345 2281 Παρ.
1383 2231 1550 2275 δοιΛΝ,7

69 2281 211 2320 Primo
234 2280 338 2318 illud
361 2278 607 2318 admonendi
627 2294 782 2329 sumus,
811 2281 1057 2320 vocabulum
1076 2278 1207 2324 οὐθὲν
1227 2284 1365 2324 Attica
1385 2287 1549 2327 ratione

68 2336 291 2378 abundare.
350 2334 515 2374 Deinde
551 2337 596 2374 in
631 2337 820 2388 personis
846 2335 951 2374 nihil
989 2341 1257 2389 mutaverim,
1310 2355 1404 2381 cum
1442 2343 1549 2383 bene

70 2394 209 2432 omnia
237 2392 296 2431 sic
327 2389 585 2432 cohaereant.
639 2392 720 2430 Sed
749 2391 854 2430 illud
881 2394 920 2433 εἰ
942 2392 1022 2443 καὶ,
1051 2395 1162 2447 quod
1193 2397 1327 2436 solum
1357 2399 1547 2437 obscuri-

68 2456 193 2489 tatem
215 2447 699 2500 difficultatemque-huic
727 2448 819 2486 loco
849 2446 1048 2502 objecisse
1076 2451 1254 2502 videtur,
1280 2466 1364 2492 non
1391 2469 1542 2493 conco-

70 2519 163 2557 quo,
196 2511 238 2543 et
266 2503 426 2542 dedisse
446 2506 684 2543 Luc-ianam
713 2505 891 2543 arbitror
914 2505 1015 2554 εἰπὲ,
1045 2507 1154 2559 quod
1183 2510 1306 2548 etiam
1337 2511 1548 2562 interpre-

69 2561 226 2599 tatione
247 2561 446 2612 expressi.
471 2562 558 2598 Dic
579 2561 708 2609 modo,
739 2569 785 2598 ut
798 2569 925 2611 potes,
963 2563 1116 2602 Parum
1136 2565 1295 2604 reseret
1325 2566 1375 2603 ad
1400 2581 1544 2605 verum

71 2630 117 2654 ea
143 2617 187 2654 in
215 2631 262 2655 re
289 2615 642 2668 cognoscendum,
679 2617 770 2656 sive
798 2623 964 2668 paratus
995 2619 1074 2668 sis,
1116 2621 1204 2659 sive
1233 2622 1378 2660 minus.
1407 2623 1541 2660 Gna-N.

70 2671 168 2722 Non
197 2671 316 2711 valde
341 2673 568 2725 repugnavi
597 2673 748 2710 Solano
777 2669 895 2713 οὐδὲν
917 2675 1174 2725 rescribenti,
1205 2679 1299 2729 quia
1320 2677 1394 2715 vix
1423 2679 1545 2716 aliter

69 2727 174 2766 solet
202 2729 376 2767 Noster.-
416 2728 569 2782 alioqui
599 2728 773 2781 perinde
793 2743 902 2779 esse,
943 2732 1081 2770 nescio
1110 2745 1208 2771 num
1240 2746 1388 2786 operae
1417 2734 1545 2772 suci-it
