1819 3198
215 241 311 284 518
659 255 1253 287 ADNOTATloNEs

217 359 304 391 tere
331 353 464 392 malim
479 384 493 402 ,
521 367 778 407 vereorque,
806 368 859 393 ne
885 369 938 394 ex
959 355 1328 407 interpretamento
1350 353 1431 395 huc
1451 358 1692 410 irrepserit:

217 421 313 456 nam
341 416 382 447 et
411 411 507 449 alibi
535 412 638 450 solet
666 413 755 448 sine
783 411 896 450 Jovis
919 412 1129 451 mentione
1151 412 1346 450 Plzilium
1375 414 1510 452 solum
1539 414 1693 465 dicere,

217 472 264 503 ut
292 466 400 507 Tox.
430 480 452 503 c
489 482 549 507 11.
589 467 657 505 fin.
687 463 753 520 ἆρ’
795 463 933 517 {navo}
970 465 992 508 ὁ
1026 468 1191 517 Φίλιος;
1231 474 1273 506 et
1304 467 1419 507 alibi.
1482 470 1595 520 Quin
1624 472 1693 510 vel

218 521 263 559 in
290 522 452 570 jurandi
483 524 670 562 formulis
695 524 831 562 omitti
860 524 967 561 solet
994 520 1112 572 Ζεύς.
1142 525 1358 576 Ari-steph.
1385 524 1562 564 Aeharn-
1597 527 1692 575 730·

217 575 290 617 ναὶ
316 574 389 618 τόν
419 578 579 626 Φίλιον,
613 578 722 632 quod
761 594 852 618 cum
882 580 1103 621 Scholiast.
1131 581 1191 618 ibi
1219 586 1400 631 exponat
1436 577 1488 632 νή
1520 578 1590 624 τόν
1619 582 1693 634 φί-

218 635 305 674 λιον
341 633 446 678 Δία,
484 636 604 673 :facile
648 649 701 673 ex
732 636 855 674 simili
892 637 1022 687 glossa
1059 636 1163 674 illud
1208 633 1312 684 Διός
1347 636 1429 675 hue
1460 639 1690 689 irrepserit.

217 688 374 728 RmTz.
432 691 528 729 Non
563 692 691 742 igitur
726 692 920 730 viderunt
948 693 1139 729 Reitzms
1178 700 1219 730 et
1249 694 1396 744 quibus
1428 693 1576 732 haecce
1604 693 1693 747 ejus

216 746 427 784 adnotatio
455 747 589 785 fraudi
620 747 723 795 suit,
755 749 824 786 ubi
856 748 994 794 Φίλιος
1020 748 1108 786 sine
1135 744 1239 796 Ζεύς
1261 749 1447 798 dicatur,
1477 762 1561 788 non
1589 751 1692 788 item

217 803 355 839 omitti
392 800 548 850 solere,
591 817 667 841 nee
705 803 828 842 facile
872 818 1014 854 posse,
1051 805 1282 844 articulum.
1342 806 1433 845 Nee
1463 812 1600 843 movet
1628 820 1694 844 me

214 856 330 894 locus
362 859 518 900 Herod.
552 873 587 900 c.
611 871 649 910 7.
679 860 798 898 Toni.
829 859 898 898 lv.
921 874 962 912 p.
984 858 1082 903 126.
1109 866 1156 900 ut
1188 860 1229 901 h.
1262 860 1289 900 l.
1317 875 1339 899 a
1367 863 1572 900 sententia
1599 876 1691 901 mea

215 913 403 952 recedam
447 916 589 952 me.

331 971 434 1010 Eacl.
456 971 482 1008 l.
512 974 550 1012 8,
585 973 642 1012 Εἰ
664 966 764 1024 7029)
783 969 857 1013 ”H
876 966 978 1025 γάρ,
1006 987 1073 1010 an.
1107 972 1287 1010 Gur-,ern
1327 973 1424 1011 Non
1450 973 1568 1024 plane
1590 986 1694 1026 opus

217 1038 306 1062 esse
334 1027 531 1076 arbitror,
562 1029 656 1079 quia
684 1042 737 1065 ex
765 1030 950 1079 sequenti
974 1029 1294 1078 interrogatione
1317 1043 1455 1067 sensus
1476 1030 1599 1067 etiam
1618 1026 1695 1070 τοῦ

216 1081 257 1121 εἰ
282 1087 345 1119 est
379 1090 552 1134 apertus.
583 1084 734 1122 Rssrrz.
796 1086 851 1124 El
873 1079 953 1137 γοῖρ
982 1081 1420 1139 Ἠσίοδος-ῥήτορα
1451 1085 1493 1126 δὲ
1523 1091 1601 1127 ete.
1631 1091 1695 1123 est

216 1136 392 1186 schema,
426 1147 467 1176 ut
493 1141 659 1177 omnino
684 1138 788 1178 haud
814 1155 907 1179 raro
929 1141 1124 1187 obvium,
1154 1142 1212 1178 ita
1229 1141 1560 1194 frequentissime
1583 1141 1694 1192 apud

213 1199 403 1231 nostrum
451 1196 705 1246 scriptorem.
755 1197 850 1237 Vid.
893 1196 943 1234 ad
992 1198 1181 1235 Hermot.
1231 1211 1265 1239 e.
1300 1210 1368 1248 27.
1408 1204 1451 1236 et
1488 1197 1693 1239 Fritzselz.

217 1248 422 1297 Quaestst.
450 1265 490 1300 p,
509 1248 574 1290 45.
598 1265 655 1302 sq.
690 1251 834 1289 LtnM.

324 1306 431 1344 Ibisl·
453 1304 651 1354 Ἠσίοδος
675 1308 749 1358 μὲν
772 1303 886 1360 ὀλίγα
919 1303 1272 1358 φὺλλα)ῩΗεείοᾱ.
1298 1312 1412 1362 Θεογ-
1440 1311 1508 1349 5οζ
1530 1309 1689 1347 SOLAN.

332 1363 439 1399 Emi.
464 1360 490 1399 l.
516 1375 579 1404 12·
607 1359 856 1405 Ἀδύνατον)
887 1365 1068 1401 Subaudi
1098 1362 1237 1414 ἔσται,
1267 1366 1345 1403 nisi
1371 1367 1547 1404 sortasse
1578 1366 1695 1404 exci-

218 1415 328 1454 derit
365 1417 648 1470 reponendum
692 1427 783 1470 post
818 1416 863 1460 τό
901 1416 1118 1462 οἷδύνατον.
1159 1423 1269 1462 Vett.
1306 1422 1404 1459 libri
1432 1421 1696 1473 inspiciendi.

218 1472 386 1511 GUYE‘r.
446 1475 564 1513 Nihil
592 1475 636 1514 in
664 1475 794 1514 Coddfi
827 1477 1000 1515 subsidii
1029 1477 1213 1529 reperi03
1246 1477 1317 1515 sed
1346 1491 1422 1516 nee
1448 1477 1549 1516 adeo
1579 1477 1698 1515 desi-

217 1527 332 1567 dero.
363 1530 518 1572 Rerrz.

332 1598 440 1638 Ececl.
463 1599 488 1636 l.
517 1599 578 1641 14,
610 1601 837 1646 Σιδωνίου)
859 1598 1048 1638 Absurda
1069 1598 1169 1638 haee
1190 1601 1327 1639 sabula
1342 1631 1352 1650 ‚
1381 1601 1698 1653 quamssidonio

215 1656 436 1692 mercatori
464 1655 557 1693 ideo
587 1656 779 1707 affingere
806 1663 932 1708 puto,
971 1657 1065 1709 quia
1096 1657 1316 1694 Sidonium
1352 1658 1592 1709 Seplzistam
1618 1672 1696 1709 pe-

215 1709 351 1756 tebat,
384 1710 434 1747 de
462 1725 541 1763 quo
572 1713 615 1750 in
642 1713 818 1750 Demon.
849 1713 935 1750 vita
969 1727 1005 1752 e.
1034 1714 1095 1752 14.
1125 1713 1284 1754 SoLAN.

330 1778 439 1818 Ead.
461 1779 488 1820 l.
525 1780 590 1819 15.
617 1777 758 1831 ’'Jlffvq)
800 1779 923 1821 Cons.
959 1794 1081 1831 supra
1110 1780 1250 1832 Scyth.
1282 1795 1316 1821 e.
1343 1781 1420 1822 ult.
1451 1795 1593 1819 versus
1623 1782 1694 1823 fin.

215 1831 378 1871 SOLAN.
438 1834 556 1872 Nihil
593 1837 800 1886 peculiare
832 1836 912 1873 hoe
951 1836 1098 1874 habet:
1137 1836 1211 1874 liae
1252 1839 1360 1875 enim
1405 1844 1606 1888 potestate
1646 1835 1697 1879 τᾶ

215 1884 297 1936 ἤδη
326 1890 484 1940 saepius
525 1893 729 1935 occurrit,
771 1898 818 1929 ut
864 1892 1019 1941 Quom.
1051 1893 1162 1934 Hist.
1193 1907 1226 1931 c·
1256 1906 1292 1932 ι.
1332 1890 1582 1947 Λυσιμάχου
1615 1892 1697 1945 ἤδη

215 1942 521 1995 βασιλεύοντος.
579 1948 646 1984 Ne
676 1948 809 1998 plura.
838 1947 990 1985 Rm'rz.

329 2013 547 2064 Peg-2¹4.
575 2015 652 2054 l.5.
679 2009 958 2063 'Eidoavwem
984 2010 1198 2069 Ἐλαύγειν
1216 2013 1294 2068 γῆν
1315 2030 1389 2067 pro
1402 2019 1569 2068 vagari,
1597 2031 1698 2067 pet·-

218 2078 369 2116 agrczre
395 2070 631 2118 regionem,
683 2072 805 2109 etiam
826 2085 948 2122 supra
970 2072 1091 2111 Alex.
1114 2085 1149 2112 e.
1172 2073 1239 2114 46.
1266 2071 1344 2125 γῆν
1372 2069 1455 2125 πρά
1479 2072 1556 2125 γῆς
1577 2069 1698 2114 ἐλαύ-

216 2127 383 2164 νεσθαι.
414 2124 519 2163 Vide
549 2133 589 2164 et
617 2127 724 2166 Gall.
758 2141 794 2169 c,
823 2129 885 2169 14.
916 2127 986 2165 ubi
1017 2129 1212 2166 nonnulla
1240 2129 1394 2168 addidi.
1422 2130 1575 2168 Rmrz.

329 2192 439 2230 End.
461 2193 487 2231 l.
504 2193 542 2234 6.
568 2190 880 2244 Λιανύσαντας)
903 2196 970 2233 Sic
989 2198 1024 2234 J.
1047 2201 1088 2233 et
1116 2197 1166 2234 V.
1188 2207 1226 2233 2.
1251 2196 1413 2243 melius,
1443 2211 1561 2249 quam
1589 2196 1700 2249 quod

215 2243 262 2281 in
287 2247 456 2299 reliquis
482 2247 757 2298 διανύσαντα,
783 2252 865 2289 nisi
895 2252 1042 2301 etiam,
1072 2251 1180 2304 quod
1205 2246 1446 2304 praecessit,
1471 2250 1698 2302 ἐλάσαντας

217 2308 366 2341 mutes.
389 2305 548 2345 SOLAN.
569 2313 578 2318 “
637 2350 641 2356 ,
1503 2354 1507 2357 ,

330 2371 434 2412 Eacl,
457 2372 482 2408 l.
513 2385 577 2414 12.
606 2370 770 2415 Αὐτίκα
793 2370 926 2427 μάλα)
958 2375 1002 2412 Si
1031 2388 1171 2413 veram
1198 2381 1336 2413 narrat
1363 2374 1575 2414 historiam
1606 2378 1699 2414 Lu.-

220 2426 389 2473 cianus,
432 2429 580 2467 merito
609 2430 709 2468 fides
739 2445 819 2468 non
853 2437 913 2468 est
939 2430 1081 2469 habita
1109 2430 1268 2469 homini
1296 2445 1402 2470 vano
1431 2433 1480 2469 ab
1515 2433 1698 2470 Alexan-

219 2480 315 2528 dro,
346 2497 466 2533 quem
497 2485 575 2522 alia
605 2486 741 2524 omnia
771 2486 946 2524 edocere
984 2501 1131 2540 nempe
1165 2494 1353 2537 poterant
1384 2502 1590 2526 mensores
1622 2488 1699 2527 sui.

217 2534 331 2574 luter
361 2539 462 2576 fines
511 2540 785 2579 occidentales
816 2543 999 2580 Persidis
1039 2551 1081 2582 et
1113 2544 1330 2581 orientales
1357 2544 1534 2596 Aegypti
1562 2545 1696 2581 inter-

217 2600 313 2629 snnt
342 2595 488 2643 gradus
520 2610 603 2633 non
632 2598 766 2634 minus
806 2611 892 2646 xv,
932 2598 974 2635 id
1006 2605 1091 2643 est,
1129 2599 1316 2638 milliaria
1346 2600 1589 2637 Germanica
1617 2599 1697 2636 mi-

217 2649 375 2688 nimum
415 2664 484 2698 ee,
525 2652 720 2702 expedito
762 2653 882 2691 etiam
922 2652 1079 2692 homiui
1121 2668 1197 2694 xx.
1229 2656 1457 2693 mansiones
1497 2653 1700 2693 denorum

218 2705 472 2747 milliarium.
521 2706 664 2760 ltaque
687 2715 813 2759 pute,
844 2708 948 2747 lianc
976 2712 1105 2761 ipsam
1129 2713 1402 2748 narrationem
1419 2739 1429 2758 ,
1458 2711 1524 2750 vel
1548 2710 1698 2754 fictam,

217 2761 285 2798 vel
316 2774 481 2811 veram,
515 2763 723 2814 pertinere
752 2763 802 2802 ad
822 2764 997 2803 ironiam
1022 2767 1231 2816 Luc-iani,
1258 2766 1699 2818 demonstrandumque
