1819 3198
357 229 420 266 1N
468 229 541 262 DE
584 228 880 262 Ennea-Ro
918 229 1030 262 sau
1077 230 1311 264 cretus.
1470 217 1569 263 589

91 332 239 383 moth,
265 336 314 372 ut
341 330 440 370 alibi
463 330 631 395 gummi
652 327 780 369 audit
823 328 967 396 Magis,
995 330 1030 369 ni
1059 328 1159 383 quid
1184 329 1452 383 mutandum,
1480 330 1575 371 fer-

91 398 159 432 ret
190 390 347 428 animus
375 388 512 438 legere
529 381 693 428 τούτων
714 380 933 439 δακρύων,
964 392 1011 426 ut
1037 388 1296 426 constructio
1323 388 1572 435 invertatur,

95 456 138 486 et
172 445 381 508 ἤλεκτρον
412 444 486 482 fiat
521 442 821 491 nominativus,
863 442 983 493 plane
1020 448 1069 481 ut
1097 443 1209 481 111113
1243 457 1278 482 c.
1301 443 1339 484 6.
1358 444 1465 482 med
1493 440 1571 489 οὐκ

94 502 315 556 ἤλεκτρον,
353 495 454 540 ἄλλα
481 494 650 565 minucie„
661 494 785 561 quiuis*
810 494 1036 546 ἀποστάζει
1056 496 1142 540 τῶν
1168 498 1310 551 λόγων.
1332 500 1487 543 Rm'rz.

209 559 316 596 Ead.
342 557 370 595 1.
398 568 459 606 17
485 552 577 595 Επι
592 572 649 608 τω
673 550 909 607 Ηριὸανῷ)
936 555 1067 607 Culpa
1094 563 1164 594 tua
1187 556 1344 594 sactum
1373 563 1453 606 est,
1486 559 1576 596 Lu-

96 616 234 663 ciane,
267 620 315 652 ut
341 619 412 651 tua
439 619 481 649 te
505 624 595 663 spes
625 611 801 650 falleret.
857 612 1046 662 Legisses
1069 611 1267 650 Plinium
1284 613 1351 663 37,
1373 613 1411 651 3.
1437 619 1478 651 et
1496 615 1576 653 alia

96 679 140 710 te
170 670 388 710 docuisset.
450 668 564 717 Quin
589 673 708 706 tuum
727 668 1002 706 consuluisses
1020 668 1298 717 ῘΙενοᾶοίιιῙη,
1326 669 1398 722 qui
1418 681 1457 720 2,
1480 671 1576 712 115.

95 730 176 781 jam
220 729 460 772 monuerat,
499 739 588 763 esse
629 725 700 777 qui
739 724 902 772 dicant,
939 718 1176 789 Ἠριδανον
1209 724 1436 767 καλέεσθαι
1471 721 1580 779 πρός

95 780 328 850 βαρβαρων
354 777 560 833 ποταμόν,
587 776 803 823 ἐκδιδόντα
831 780 876 828 ἐς
900 797 977 831 την
1002 780 1225 822 θάλασσαν
1264 799 1342 832 την
1367 779 1475 834 πρός
1496 788 1580 838 βο·-

98 856 196 907 ρεην
233 837 382 890 ἄνεμον
420 839 631 889 (loquitur
667 844 805 877 autem
835 837 886 875 de
916 839 1115 876 extremis
1145 838 1359 890 Europae)
1389 836 1474 880 α’πό
1504 854 1579 880 ’τευ

97 893 145 938 ui
168 894 402 960 ”Haemonia
423 892 575 946 ᾳοιτᾷν
605 892 725 947 λόγος
749 892 839 934 ἐστι
860 910 897 935 κ.
918 911 956 934 τ.
982 896 1016 934 λ.
1075 895 1294 932 Probabile
1324 901 1412 945 est,
1442 896 1486 934 in
1503 897 1579 935 illa

99 953 252 992 vicinia
290 951 460 989 litoium
502 951 817 999 P1ussicorum,
866 951 939 989 ubi
975 950 1189 988 invenitur
1212 949 1419 1003 hodieque
1440 952 1580 990 succi-

97 1023 220 1057 num,
254 1007 386 1046 fuisse
421 1007 765 1058 appellationem,
800 1021 902 1058 quae
943 1007 994 1045 ob
1033 1006 1348 1046 similitudinem
1386 1008 1579 1061 qualem-

98 1079 262 1117 cunque
293 1064 384 1101 soni
420 1064 557 1101 locum
594 1063 821 1102 narrationi
853 1063 903 1100 de
943 1064 1134 1101 Eridano
1162 1063 1334 1103 faceret.
1390 1065 1452 1101 Ac
1478 1079 1578 1103 me.-

96 1123 201 1160 mini
230 1134 296 1159 me
324 1120 461 1171 legere
482 1120 719 1158 Radaanae
744 1119 812 1157 vel
832 1119 966 1157 simile
991 1133 1162 1167 nomen,
1189 1119 1299 1170 quod
1332 1119 1411 1170 jam
1445 1135 1576 1172 quae-

94 1191 189 1217 rere
220 1190 303 1215 uon
329 1182 460 1215 vacat.
509 1176 729 1214 Caeterum
758 1175 803 1212 in
828 1175 1002 1213 Eridani
1027 1175 1159 1213 arenis
1178 1175 1359 1214 inveniri
1379 1173 1577 1230 ἤλεκτρον

96 1229 353 1286 αὐιόματον,
380 1233 437 1270 ita
459 1231 702 1283 simpliciter
724 1230 825 1269 dicit
846 1233 1096 1269 Pausanias
1113 1231 1244 1272 Eliac.
1270 1232 1302 1272 Ι
1325 1246 1368 1284 p.
1396 1234 1487 1285 159,
1508 1235 1578 1285 39

97 1297 147 1329 ut
184 1290 320 1328 videri
351 1290 482 1341 possit
517 1289 606 1340 ipse
636 1300 799 1350 quoque
840 1285 964 1335 hujus
994 1287 1168 1336 erroris,
1198 1290 1314 1338 cujus
1342 1301 1386 1327 se
1413 1296 1577 1329 accusat

94 1346 330 1391 Lucianus,
361 1358 445 1382 non
472 1344 668 1382 immunis
693 1343 838 1383 fuisse.
892 1343 1016 1393 Quod
1038 1351 1084 1382 ut
1112 1344 1315 1390 fatemur,
1345 1345 1404 1383 sic
1431 1345 1580 1398 (109014

98 1401 260 1441 leudam
289 1401 526 1439 censuimus
554 1400 769 1452 injuriam,
805 1413 884 1452 qua
919 1397 1057 1438 aflecit
1081 1400 1200 1439 illum
1231 1400 1414 1439 Gallicus
1441 1402 1581 1446 inter-..f

97 1472 218 1511 pres,
256 1471 351 1495 cum
390 1471 414 1494 e
450 1456 599 1494 Latina
626 1456 842 1504 versione,
883 1456 989 1494 male
1017 1457 1249 1506 intellecta,
1277 1457 1396 1496 illum
1426 1459 1581 1497 consu-

97 1516 207 1553 disse
243 1513 455 1551 insimulat
493 1513 693 1550 electrum
726 1525 761 1550 s.
793 1512 1007 1551 succinum
1035 1526 1260 1563 gemmam,
1297 1528 1392 1552 cum
1422 1515 1578 1554 electro

98 1571 263 1609 metallo
303 1570 482 1608 facticio.
521 1568 620 1608 Vid.
659 1569 916 1606 Aet.Erad.
952 1569 1307 1634 Lips.1753.13
1341 1583 1434 1622 109.
1462 1585 1576 1624 seqq.

103 1628 242 1665 stu.
309 1626 505 1663 Fabulam
524 1654 538 1672 ‚
575 1623 742 1677 μῦθον,
769 1638 792 1662 a
821 1639 866 1662 se
894 1625 1073 1673 narrari,
1101 1625 1191 1677 ipse
1218 1627 1314 1664 satis
1339 1627 1447 1665 clare
1473 1641 1579 1679 pro-

98 1683 240 1721 fitetur
272 1688 428 1720 auctor.
485 1681 584 1719 Non
623 1680 744 1730 hujus
771 1681 911 1732 igitur,
937 1681 1010 1720 sed
1042 1683 1234 1731 Gesneri,
1273 1683 1393 1734 culpa
1421 1683 1580 1723 sactum

101 1745 185 1787 est,
220 1746 267 1776 ut
306 1737 537 1776 docendum
574 1742 738 1789 putaret
775 1739 979 1775 Ges-netas
1021 1752 1140 1787 eum,
1179 1739 1250 1792 qui
1283 1738 1360 1776 hac
1390 1739 1579 1778 doctrina.

101 1795 275 1836 vixdum
304 1806 407 1846 opus
439 1793 623 1832 haberet.
681 1793 751 1831 Sic
781 1792 871 1832 sere
901 1795 1178 1834 lVielanclius
1202 1795 1386 1835 vindicat
1414 1796 1580 1835 Lucia-

97 1865 210 1891 num.
234 1852 382 1890 LrnM.

214 1907 318 1958 Pag.
349 1904 442 1947 508.
479 1905 505 1944 1.
527 1906 565 1944 3.
601 1901 776 1953 Ἠκων)
811 1904 861 1944 Jn
894 1907 1084 1946 omnibus
1116 1907 1235 1946 libris
1268 1907 1421 1948 nostris
1458 1916 1580 1951 antea

98 1961 200 2015 ἧκον
228 1963 451 2014 legebatur.
507 1962 597 2013 Ego
635 1963 694 2000 sic
734 1965 963 2002 necessario
1005 1965 1246 2004 mutandum
1272 1966 1390 2006 duxi.
1420 1967 1580 2007 Sosin.

97 2020 381 2059 Distinctione
401 2024 570 2061 mutata,
600 2018 806 2071 quomodo
827 2020 1071 2071 praescribit
1093 2021 1351 2060 Fritzselzias
1374 2022 1583 2073 Quaestst.

97 2091 140 2130 p,
164 2089 228 2117 21-
253 2089 312 2127 sq.
343 2077 424 2124 jam
451 2076 529 2113 alia
557 2075 672 2112 nulla
698 2089 800 2127 opus
830 2078 909 2115 erit
938 2078 1180 2116 mutatione.
1206 2078 1351 2116 Lanu.

212 2133 322 2169 Ead.
343 2131 371 2172 l.
398 2131 436 2169 4.
465 2129 704 2184 Αἰγείρους)
733 2133 922 2183 Populos
942 2135 1091 2185 nigras
1110 2133 1230 2172 etiam
1252 2142 1364 2174 recte
1397 2136 1579 2177 vertitur

100 2189 144 2227 in
171 2189 348 2227 Diodor.
374 2187 459 2228 Sic.
499 2188 549 2226 V.
582 2201 668 2238 cap.
702 2188 771 2229 23.
810 2189 854 2226 in
892 2203 990 2241 quas
1018 2189 1108 2228 illas
1144 2197 1320 2229 mutatas
1349 2191 1383 2230 is
1413 2207 1579 2246 quoque

101 2245 253 2292 refert,
289 2249 500 2296 totamque
534 2243 718 2282 fabulam
759 2252 942 2294 enarrat,
980 2259 1102 2299 quam
1128 2251 1266 2286 tamen
1295 2255 1336 2287 et
1360 2249 1449 2303 ipse
1478 2263 1579 2289 con·-

101 2302 262 2340 temnit.
292 2299 446 2338 Rfflrz

213 2357 324 2394 E.ad
345 2356 371 2394 l.
403 2357 441 2398 8.
462 2350 756 2408 Εκδιὸοὑσας)
784 2356 896 2395 Male
918 2358 983 2400 Fl.
1017 2357 1097 2397 hoc
1127 2358 1342 2410 omittere,
1371 2362 1579 2415 adpinxe-

101 2419 167 2454 rat
204 2413 385 2450 Salanus
422 2420 576 2453 noster.
644 2414 700 2450 At
737 2414 827 2465 quis
865 2413 1030 2453 dixenat
1066 2415 1168 2455 adeo
1207 2418 1313 2456 male
1353 2419 1580 2458 omissum?

101 2483 195 2509 nam
226 2469 320 2522 quia
358 2468 454 2506 satis
488 2476 582 2507 ante
616 2470 698 2519 jam
738 2470 924 2519 dixerat,
961 2469 1032 2509 has
1062 2474 1228 2511 arbores
1270 2475 1470 2514 electrum
1500 2477 1579 2516 ‹5oe-

100 2521 262 2578 κρύειν,
300 2531 341 2562 et
364 2521 629 2574 αποστάζειν,
668 2526 809 2564 forsan
837 2526 880 2564 id
909 2527 989 2578 jam
1019 2542 1094 2579 per
1128 2530 1291 2582 ellipsin
1329 2532 1422 2570 vult
1449 2531 1578 2570 intel-

99 2582 193 2635 ligi,
222 2588 291 2620 aut
312 2577 490 2634 ἐχούσας
512 2583 635 2621 tacite
654 2582 940 2635 supplendum,
966 2585 1076 2636 quod
1096 2585 1428 2638 frequentissime
1450 2589 1580 2626 omit-

100 2641 156 2687 ti,
195 2639 357 2677 abunde
383 2645 593 2678 ostensum
621 2652 755 2689 supra.
796 2639 890 2679 vid.
917 2640 1024 2678 Gall
1055 2655 1140 2693 cap.
1169 2644 1233 2682 14.
1262 2641 1286 2682 ό
1314 2662 1364 2686 ta
1392 2641 1578 2696 πιναρά·

100 2695 171 2733 Bis
195 2698 340 2733 Aecus.
364 2708 397 2732 c.
422 2708 460 2748 9.
493 2701 536 2734 et
561 2708 625 2733 20.
657 2693 687 2745 η’
713 2712 765 2736 τοι
788 2695 980 2736 ποικίλα·
1005 2705 1206 2750 notasque
1233 2699 1285 2738 ad
1309 2702 1437 2742 Mort.
1464 2699 1574 2739 Dial.

100 2751 157 2793 X,
186 2753 224 2798 §.
244 2749 285 2792 4.
313 2751 468 2790 Rmrz.
539 2752 629 2792 Emi
656 2765 733 2804 per
768 2765 812 2791 se
840 2751 941 2791 haec
966 2767 1050 2794 non
1088 2755 1193 2794 male
1220 2765 1315 2797 sunt
1343 2758 1573 2802 observata,
