1819 3198
243 233 343 286 554
691 246 1287 288 ᾼῡΝοΤΑΦιοΝΕε

357 347 467 389 Ead.
496 346 524 386 l·
559 361 602 401 9.
639 342 969 400 Ἀαιμοναῒντας)
1006 345 1105 388 vid.
1133 347 1252 386 Plzct.
1286 346 1425 399 Symp.
1456 345 1561 386 vm
1567 377 1579 397 ,
1609 349 1647 388 5.
1679 363 1723 401 p.

243 407 367 452 1257
399 402 558 446 SOLAN
608 405 660 446 L.
693 406 776 443 Bos
804 401 876 457 (de
911 417 991 454 quo
1019 402 1206 441 adeundo
1229 404 1394 444 Hemst.
1421 403 1464 441 in
1495 417 1620 456 marg.
1646 405 1723 444 ad-

238 461 424 511 monuit)
451 462 494 499 iu
522 461 820 512 Evang.J0an.
844 458 1039 508 V11‚2o.
1067 459 1185 507 plura
1210 459 1358 496 similia
1386 460 1543 508 adfert,
1574 462 1721 512 quibus

239 520 508 565 demonstret,
527 514 728 569 δαιμονᾷν
741 524 782 555 et
799 512 1106 568 κακοδαιμονᾷν
1124 515 1308 567 p1osanis
1328 516 1598 581 scriptoribus
1611 517 1722 556 idem

239 590 339 625 esse,
366 573 477 628 quod
507 574 630 611 sacris
662 569 874 625 δαιμόνιον
903 570 1021 627 ἔχειν.
1051 572 1204 610 ΒΕΙΤΖ.
1248 571 1314 609 De
1336 586 1438 610 voce
1457 567 1611 625 ἕξᾳδειν
1634 572 1720 613 vid.

234 633 356 674 Dan.
382 630 677 680 Wyttenbach.
704 630 753 668 ad
786 627 1088 678 Plat.Pl1aegL
1112 642 1150 680 p.
1180 629 1269 678 195.
1294 628 1441 667 LEHM.

349 687 457 725 Eacl
483 686 513 725 l.
537 697 601 726 12.
630 681 703 726 τὸν
729 679 870 736 Σύρον
896 680 997 731 τον)
1026 683 1307 723 Christianum
1337 684 1570 736 intelligere
1600 683 1722 723 vide-

234 749 317 783 tur.
350 743 521 781 GUYBP
559 741 679 780 Non
709 742 865 788 dubito,
896 742 996 793 quin
1018 755 1094 792 per
1122 741 1272 792 Syrum
1299 740 1415 779 illum
1444 755 1467 778 e
1495 741 1722 779 Palaestina

233 797 496 840 intellexerit
535 797 713 849 aliquem
750 812 805 835 ex
833 797 1126 849 Apostolorum
1163 796 1376 849 discipulis
1414 796 1720 837 Christianum:

232 856 286 895 iis
312 856 437 904 enim,
464 859 513 892 ut
539 854 729 892 dominus
748 853 937 891 Christus
966 852 1242 903 praedixerat,
1270 853 1453 904 subjecta
1481 860 1596 891 erant
1618 852 1720 891 dae-

234 912 396 960 monia,
436 916 479 948 et
518 911 617 949 talia
655 910 859 949 miracula¹
887 908 1037 962 passim
1074 909 1227 948 fiebant
1255 909 1300 947 in
1329 909 1461 960 prima
1487 909 1559 947 illa
1587 915 1720 948 aetate

231 968 442 1009 ecclesiae.
472 967 616 1005 PALM.
658 967 835 1004 Belinzcs
854 993 867 1010 ,
897 980 991 1004 cum
1019 963 1215 1017 despectu
1244 964 1420 1017 quodam
1449 978 1619 1012 eorum,
1648 965 1721 1016 qui

230 1023 284 1063 de
316 1037 398 1061 uno
430 1037 484 1061 ex
510 1023 805 1074 Apostolorum
837 1022 1050 1074 discipulis
1076 1022 1315 1073 cogitarant,
1347 1020 1398 1058 de
1428 1021 1518 1072 ipso
1550 1016 1719 1059 Christo·

229 1078 342 1119 hunc
372 1085 509 1117 totum
546 1080 683 1117 locum
721 1079 952 1127 intellexit,
1002 1079 1214 1117 levissime
1249 1077 1403 1128 quippe
1441 1077 1715 1128 pervolatum.

228 1136 399 1187 Alioqui
425 1149 509 1173 non
535 1135 787 1186 neglexisset
815 1135 933 1179 illud,
966 1134 1074 1186 quod
1102 1136 1176 1172 Ion
1204 1133 1292 1184 ipse
1322 1147 1365 1170 se
1386 1133 1478 1170 talis
1511 1133 1714 1177 miraculi,

229 1193 281 1230 ab
309 1189 418 1243 Syro
443 1192 514 1229 illo
544 1191 714 1241 patrati,
744 1197 888 1229 testem
919 1190 1045 1228 fuisse
1071 1194 1294 1228 asseverat.
1326 1188 1496 1226 Cautius
1531 1195 1643 1227 certe
1671 1194 1715 1226 et
1766 1211 1769 1216 ν

225 1250 392 1300 gravius
425 1247 710 1296 IVielandias,
741 1252 783 1284 et
812 1260 988 1298 quorum
1019 1246 1245 1284 sententiae
1272 1245 1317 1282 in
1339 1245 1604 1297 sequentibus
1632 1259 1715 1283 no·-

225 1303 284 1344 tis
313 1304 546 1352 traduntur,
573 1276 753 1340 Solan'as
781 1316 826 1340 ac
859 1304 1073 1340 Gesnerms
1103 1302 1250 1339 Luam.

341 1354 715 1400 Ead.l.13.’‘lv,m
735 1355 896 1399 τούτων
916 1351 1137 1409 σοφιστην)
1161 1356 1449 1394 Florentinum
1473 1372 1606 1410 tom-qv
1629 1356 1715 1395 mi-

226 1428 305 1456 nus
335 1417 481 1468 placet.
531 1410 632 1455 'Em
655 1415 763 1453 enim
796 1429 887 1452 cum
922 1414 1102 1452 secundo
1133 1426 1231 1451 casu
1259 1411 1326 1449 hic
1354 1419 1472 1450 notat
1500 1427 1617 1461 eum,
1643 1413 1715 1464 qui

225 1478 413 1538 praeest,
443 1471 701 1537 praepositus
735 1477 800 1508 est
829 1471 890 1508 illi
918 1473 1111 1521 negotio,
1147 1474 1196 1506 ut
1225 1469 1267 1506 in
1296 1468 1453 1519 Evang
1483 1470 1585 1506 Luc.
1609 1469 1713 1512 XII,

225 1531 296 1568 42.
327 1524 374 1569 ὃν
396 1522 651 1576 καταστήσει
677 1523 701 1568 ὅ
731 1522 870 1578 κύριος·
895 1526 965 1566 ἐπὶ
996 1524 1070 1576 τῆς
1098 1524 1328 1577 θεραπείας
1357 1521 1501 1565 αυτοῦ.
1530 1525 1591 1562 Ac
1621 1527 1712 1562 sine

223 1585 368 1632 verbo,
395 1590 442 1621 ut
461 1583 546 1631 hic,
574 1584 740 1635 Joweeplz
768 1586 861 1621 Ant
887 1583 1047 1630 X11,1.
1079 1578 1103 1623 0e
1125 1581 1193 1622 ἐπὶ
1208 1579 1512 1645 βιβλιοθηκῶν,
1542 1581 1713 1618 Biblio-

223 1641 451 1679 thee-arias.
510 1640 567 1678 Et
608 1640 717 1704 apud
756 1640 957 1677 Nostrum
987 1640 1098 1679 Tox.
1130 1651 1165 1680 c,
1197 1649 1349 1687 2<).p1·.
1386 1634 1412 1678 ὅ
1444 1637 1514 1678 ἐπὶ
1553 1633 1713 1688 δεσμων

218 1698 463 1750 praefectus
484 1698 676 1742 carceris,
707 1696 777 1733 ubi
808 1702 849 1732 et
878 1696 955 1733 alia
981 1694 1180 1735 dedimus.
1211 1693 1360 1731 REITz.

339 1753 450 1792 Ead.
470 1753 497 1790 l
521 1751 582 1792 15·
609 1748 757 1801 Ομως
792 1748 1008 1800 ανίστησι,
1046 1753 1117 1791 καὶ
1152 1746 1384 1802 οἷποπεμπει
1411 1742 1604 1801 ἇρτῖους,
1642 1744 1712 1788 ἔπι

221 1807 367 1863 μισθῳ
392 1804 555 1861 μεγαλῳ
578 1803 813 1856 απαλλοῖξας
833 1824 914 1848 των
943 1806 1116 1856 davum.)
1147 1808 1220 1844 Sei
1226 1822 1290 1844 mo
1318 1811 1379 1842 est
1405 1805 1456 1842 de
1473 1807 1577 1856 Syro
1601 1818 1708 1856 quo-

224 1865 334 1910 dam,
364 1863 622 1915 (Christiano
653 1865 773 1912 sorte
802 1872 846 1901 ut
865 1864 1021 1914 judicat
1052 1861 1315 1910 palmet-ms)
1347 1862 1417 1913 qui
1447 1875 1528 1909 eos,
1556 1862 1627 1912 qui
1655 1860 1708 1898 ad

224 1917 366 1958 lunam
396 1920 676 1964 conciderent,
708 1894 848 1957 ocitlos
880 1919 1201 1970 distorquentes
1233 1925 1272 1955 et
1301 1930 1344 1954 os
1371 1931 1513 1968 spuma
1534 1916 1709 1966 impleti,

221 1982 363 2017 tamen
397 1977 594 2027 erigeret,
634 1988 834 2027 sanosque
873 1988 919 2012 ao
956 1975 1135 2025 integros
1166 1973 1416 2022 dimitteret,
1455 1985 1539 2009 non
1567 1984 1711 2022 magua

222 2031 415 2072 mercede
439 2032 545 2069 malo
562 2032 640 2069 isto
660 2032 868 2070 liberatos.
912 2031 979 2068 Sic
1008 2032 1116 2068 enirn
1148 2031 1346 2082 suspicol,
1375 2029 1417 2066 id
1446 2028 1584 2079 potius
1613 2027 1710 2065 exi-

224 2102 303 2141 gua
331 2087 521 2125 mercede
548 2088 677 2125 fuisse
708 2088 968 2139 praestitum,
1000 2087 1182 2124 voluisse
1214 2091 1436 2133 auctorem,
1467 2097 1586 2135 quam
1614 2097 1708 2121 ma-

220 2158 316 2197 gna,
345 2150 391 2182 ut
420 2144 544 2194 vulgo
571 2143 725 2195 legitm
750 2143 793 2181 in
822 2143 1018 2188 Graeci33
1048 2150 1170 2194 atque
1195 2142 1296 2180 adeo
1326 2140 1583 2179 intercidisse
1615 2135 1704 2188 οὐκ,

223 2200 334 2253 quod
369 2199 489 2238 facile
531 2214 586 2238 ex
625 2200 827 2238 affinitate·
857 2200 1026 2237 ultimae
1066 2199 1110 2236 in
1147 2195 1316 2261 ἄρτιόυς
1355 2197 1552 2260 syllabae
1572 2196 1707 2246 potuit

223 2256 406 2296 evenire.
454 2255 695 2305 Legendum
725 2256 861 2307 itaque
889 2269 979 2293 mea
1008 2259 1232 2303 sententia,
1262 2251 1498 2305 ἀποπέμπει
1510 2247 1705 2317 ἀρτίους,

229 2308 305 2353 οὐκ
335 2311 403 2351 ἐπὶ
430 2310 577 2377 μισθῳ
602 2309 762 2365 μεγαλῳ
792 2308 1030 2359 απαλλαξας
1059 2328 1141 2351 των
1167 2310 1318 2352 δεινων
1348 2309 1463 2348 JENS.
1510 2303 1608 2348 'Em'
1634 2324 1708 2360 μι-

223 2366 319 2422 σθῷ
347 2364 543 2419 μεγάλῳ)
587 2369 697 2406 Cave
738 2368 960 2419 quidquam
1004 2369 1213 2406 mutassis:
1253 2367 1426 2418 genuina
1465 2362 1573 2402 enim
1605 2363 1705 2401 haec

222 2427 441 2475 scriptura.
483 2424 572 2461 Nec
600 2424 651 2461 de
682 2424 926 2462 Christianis
950 2424 1129 2471 labores,
1157 2423 1228 2475 qui
1252 2424 1392 2474 gratis
1419 2420 1613 2458 miiacula
1633 2433 1707 2457 sua

224 2481 414 2519 edebant.
451 2479 518 2516 De
548 2480 638 2517 aliis
661 2481 840 2528 consule,
870 2480 905 2517 si
931 2481 1058 2528 lubet,
1090 2480 1206 2531 Ozig.
1231 2494 1266 2520 c.
1288 2478 1392 2516 Cels.
1414 2491 1453 2528 p.
1474 2478 1581 2523 53,0
1560 2505 1598 2514 d.
1621 2488 1703 2526 quo

222 2537 268 2575 in
304 2537 395 2574 loco
433 2534 659 2587 Aegyptios
688 2536 847 2574 videbis
878 2543 918 2574 et
947 2537 1055 2587 ipsos
1086 2535 1181 2572 talia
1214 2550 1235 2573 a
1268 2549 1310 2572 se
1341 2539 1496 2586 patrata
1524 2533 1704 2582 jactasse.

224 2593 385 2630 SOLAN.
435 2592 548 2629 Haec
578 2591 704 2629 verba
737 2593 918 2636 faciunt,
958 2598 1005 2629 ut
1043 2605 1124 2629 non
1156 2592 1342 2638 credam,
1386 2589 1437 2626 de
1468 2587 1704 2625 Christiano

225 2647 447 2686 Exorcista
471 2660 701 2685 sermonem
730 2662 838 2696 esse,
880 2661 980 2699 quos
1009 2647 1059 2685 de
1085 2648 1268 2697 magistri
1296 2648 1360 2684 sui
1387 2644 1598 2683 voluntate
1627 2657 1706 2695 χα-

229 2704 414 2759 ρίσματα
436 2703 507 2741 illa
530 2717 603 2741 sua
622 2703 741 2741 etiam
756 2705 878 2754 gratis
897 2703 1071 2751 dedisse,
1098 2705 1196 2742 satis
1219 2710 1398 2741 constat:
1428 2713 1504 2737 nec
1522 2713 1704 2750 unquam

229 2760 390 2812 objecta
413 2760 512 2810 illis,
543 2759 654 2812 quod
683 2760 819 2809 sciam,
848 2765 916 2799 aut
942 2759 1109 2812 depulsa
1138 2759 1321 2799 avaritia.
1360 2756 1508 2806 Video,
1539 2755 1638 2808 quid
1660 2755 1703 2793 in
